1892 2909
138 50 170 96 28
233 46 262 96 T.
276 44 365 105 t1v11
382 48 435 96 Lis.
449 47 576 98 xxm.
596 48 656 97 Car.
670 52 713 97 27ἑ

136 174 277 225 Macedonas
298 179 442 241 disceptetur,
459 178 580 227 formulam
594 178 653 241 juris
672 178 815 239 uaequendi

138 242 405 293 masctuendnnesse”
426 258 430 265 ·
804 272 808 281 ·

171 306 286 357 XXVII.
304 307 368 363 Inde,
384 308 484 371 graviter
493 307 580 355 offenso
591 324 652 371 rege,
662 306 813 357 Thessaloni.

137 384 181 419 cen
194 372 222 420 ad
237 373 418 435 cognoscendum
439 374 467 419 de
481 372 585 419 Thracias
603 373 692 419 urbibus
709 372 813 434 proficis-

138 443 230 489 cuntur.
259 437 294 484 Ibi
304 439 372 501 legati
381 439 505 485 Eumenis:
521 445 537 467 ‘⁴
546 439 571 485 si
578 439 658 487 liberas
665 438 811 487 esseAEnum

139 508 162 549 et
174 502 309 549 Maroneam
323 504 394 551 velint
406 503 513 556 Romani,
531 504 586 549 nibil
605 503 639 549 sni
656 503 747 564 pudoris
761 513 812 549 ease

139 567 198 613 ultra
208 568 288 621 dicere,
302 584 370 628 quam
383 575 408 614 ut
423 568 565 623 admoneant
578 584 609 621 re,
621 583 668 614 non
681 568 758 621 verbo,
770 582 812 613 eos

105 666 106 685 r
139 630 220 679 liberos
232 633 369 693 relinquant:
390 648 432 681 nec
443 648 509 679 suum
525 632 755 698 muuusinteroipinb
765 628 811 678 alio

140 697 260 757 patiantur.
295 698 336 745 sin
347 706 421 745 autern
439 699 513 747 minor
530 714 583 744 cura
600 699 629 744 sit
646 696 769 744 civitatium
786 697 812 743 in

140 760 237 813 Thracii
247 763 376 824 positarum,
387 764 458 809 multo
469 764 544 809 verius
552 778 608 816 asse,
618 778 670 823 qnae
678 762 718 810 sub
727 761 813 808 Antio·

138 826 184 875 cho
191 826 281 881 fuerint,
293 829 385 889 praemia
392 828 444 875 belli
451 827 587 881 Eumenm
597 843 663 889 quam
673 826 813 887 Philippum.

138 892 235 949 habere;
252 892 289 939 vel
305 909 347 955 pm
362 894 431 955 patris
443 892 515 940 Attali
526 893 612 939 meritis
622 892 688 946 bello,
701 892 760 951 quod
771 892 813 937 ad-

140 972 220 1008 versus
232 956 359 1019 Philippum
370 959 443 1020 ipsum
454 959 551 1019 gesserit
566 958 663 1019 populus
674 957 812 1014 Romanu„

139 1021 177 1071 sel
184 1022 236 1075 suis,
245 1019 328 1087 [quod]
336 1022 443 1070 Antiochi
447 1024 514 1076 bello,
522 1022 692 1083 terrsimariquc,
699 1020 814 1067 laboribus
823 1039 826 1046 ·

140 1086 288 1147 periculisque
301 1089 403 1135 omnibns
419 1087 551 1135 interfuerit.
587 1086 679 1134 Habere
689 1101 741 1133 eum
752 1100 814 1147 prae-

139 1160 203 1199 terea
220 1152 442 1215 decemlegatorum
460 1154 485 1198 in
503 1168 553 1199 eam
571 1168 618 1199 rem
639 1151 814 1213 praejudicium3

139 1217 179 1277 qui
187 1232 239 1265 cum
247 1216 413 1266 Chersonesum
422 1217 632 1279 Lysimachiamque
638 1217 745 1270 dederint,
755 1214 814 1261 Ma·

108 1284 110 1291 ’
140 1296 233 1329 roncum
246 1298 335 1343 quoque
346 1291 413 1344 atque
423 1282 511 1331 AEnum
528 1282 631 1344 prolecto
645 1281 739 1335 dedisse,
758 1295 815 1340 quas

140 1345 189 1409 ipah
203 1348 367 1409 propinquitate
380 1349 480 1411 regionis
494 1348 558 1395 velut
570 1346 703 1409 appendices
718 1345 814 1408 mssjoris

139 1413 240 1459 muneris
257 1420 338 1459 essent.
374 1412 440 1461 Nam.
453 1412 582 1475 Philippum
600 1412 690 1472 quidam
709 1426 754 1471 qno
772 1417 815 1456 ant

141 1477 222 1523 merito
241 1478 264 1522 in
283 1479 390 1540 populum
402 1479 539 1531 Romanum,
551 1485 589 1525 aut
596 1478 649 1539 jure
656 1476 749 1537 imperii,
759 1490 814 1521 cum

141 1548 188 1587 tam
207 1543 286 1603 procul
300 1558 313 1588 a
327 1543 407 1589 linibus
425 1543 569 1591 Macedoniae
587 1542 666 1595 chnut
685 1540 815 1587 civitatibus

141 1606 176 1653 his
195 1608 297 1667 praesidia
316 1608 470 1670 imposuisse?
504 1606 588 1655 Vocari
607 1606 734 1655 Maronitas
746 1605 816 1668 jube·

141 1678 207 1719 rent:
227 1673 254 1719 ab
264 1674 291 1723 iia
301 1674 395 1721 certiora
406 1673 482 1720 omnia
489 1674 520 1723 ¹de
531 1679 591 1719 statu
600 1672 724 1717 civitatium
734 1684 814 1720 earum

141 1736 266 1787 scituroa”
300 1736 382 1799 Legati
393 1738 559 1788 Maronitarum
571 1736 653 1791 vocati,
672 1743 687 1765 ‘⁸
699 1735 755 1784 Non
766 1750 815 1782 uno

140 1801 197 1850 loco
207 1809 294 1851 tantum
312 1804 372 1849 urbis
390 1802 519 1864 presidium
537 1801 625 1863 regium
642 1816 699 1855 esse,
715 1800 774 1847 sicut
788 1800 815 1849 in

141 1866 190 1921 aliis
202 1866 351 1920 civitatibus,”
370 1867 480 1920 dixerunt,
500 1874 516 1896 ‘⁴
527 1867 567 1913 sed
578 1865 678 1928 pluribus
693 1865 773 1922 simul;
789 1872 816 1914 et

143 1931 232 1993 plenam
248 1932 400 1979 Macedonum
417 1932 551 1982 Maroneam
568 1946 632 1978 esse:
650 1931 726 1991 itaque
741 1931 816 1992 domi-

142 1997 192 2043 nari
203 2004 353 2051 assentatores
363 1997 452 2058 regios:
471 1996 507 2048 his
517 1996 571 2043 solis
580 1995 642 2056 loqui
657 2003 681 2044 et
695 1996 719 2041 in
734 2002 816 2043 senatu

142 2068 166 2107 et
177 2062 201 2107 in
209 2062 353 2111 concionibus
360 2062 439 2108 licere:
458 2077 497 2112 eos
508 2076 587 2109 omnes
596 2062 694 2110 honores
704 2068 816 2121 etcapere

141 2125 211 2187 ipsos,
221 2134 244 2173 et
255 2126 307 2173 dare
317 2126 372 2173 aliis.
402 2126 520 2188 Optimum
530 2141 650 2187 quemque,
659 2125 738 2186 quibus
748 2125 816 2173 liber·

142 2192 203 2245 tatis,
213 2190 293 2252 quibus
303 2191 381 2253 legum
392 2207 445 2238 cura
456 2192 492 2245 sit,
509 2199 549 2237 aut
564 2191 667 2239 exsulare
683 2190 760 2251 pulsos
774 2206 816 2252 pa-

144 2254 194 2309 trid,
206 2263 245 2302 aut
255 2256 400 2305 inhonoratos
411 2264 434 2304 et
444 2256 589 2303 deterioribus
600 2255 710 2303 obnoxios
720 2254 814 2303 silere·”

144 2317 185 2368 Dc
190 2322 243 2382 jure
251 2321 317 2367 etiam
328 2320 406 2369 finium
414 2336 485 2384 pauca
492 2322 633 2384 adjecerunt:
651 2328 667 2351 ⁴⁸
677 2319 710 2375 Q„
718 2319 814 2369 Fabium

144 2381 282 2439 Labeonem,
295 2401 347 2432 curn
357 2387 381 2435 in
392 2387 486 2449 regione
495 2383 618 2441 siluisset,
630 2386 738 2433 direxisse
744 2384 814 2434 finem

145 2446 250 2511 Philippo
256 2457 355 2498 veterem
362 2452 421 2501 viam
428 2453 520 2514 regiam,
533 2467 585 2513 quse
592 2452 621 2499 ad
628 2450 733 2498 Thraciae
742 2450 817 2499 Paro»

145 2514 317 2571 seiamsubsst„
328 2531 438 2581 nunquan
452 2518 482 2569 sd
496 2531 558 2575 marr
567 2516 728 2583 declismtem
759 2514 818 2581 ΡΜ,
