<?xml version="1.0" encoding="UTF-8"?>
<!DOCTYPE html PUBLIC "-//W3C//DTD XHTML 1.0 Transitional//EN"
    "http://www.w3.org/TR/xhtml1/DTD/xhtml1-transitional.dtd">
<html xmlns="http://www.w3.org/1999/xhtml" xml:lang="en" lang="en">
 <head>
  <title>
</title>
<meta http-equiv="Content-Type" content="text/html;charset=utf-8" />
  <meta name='ocr-system' content='tesseract 3.04.00' />
  <meta name='ocr-capabilities' content='ocr_page ocr_carea ocr_par ocr_line ocrx_word'/>
</head>
<body>
  <div class='ocr_page' id='page_1' title='image "./tliviipatavinih01caregoog_0139.png"; bbox 0 0 1892 2909; ppageno 0'>
   <div class='ocr_carea' id='block_1_1' title="bbox 58 58 798 266">
    <p class='ocr_par' dir='ltr' id='par_1_1' title="bbox 58 58 798 266">
     <span class='ocr_line' id='line_1_1' title="bbox 58 58 669 137; baseline 0.003 -30"><span class='ocrx_word' id='word_1_1' title='bbox 58 129 60 137; x_wconf 19' lang='lat' dir='ltr'>y</span> <span class='ocrx_word' id='word_1_2' title='bbox 130 64 176 109; x_wconf 75' lang='lat' dir='ltr'><strong>mo</strong></span> <span class='ocrx_word' id='word_1_3' title='bbox 251 58 383 108; x_wconf 80' lang='lat' dir='ltr'><strong>T.L1vl1</strong></span> <span class='ocrx_word' id='word_1_4' title='bbox 400 59 452 109; x_wconf 78' lang='lat' dir='ltr'><strong>nu.</strong></span> <span class='ocrx_word' id='word_1_5' title='bbox 467 59 537 129; x_wconf 75' lang='lat' dir='ltr'><strong>nnn.</strong></span> <span class='ocrx_word' id='word_1_6' title='bbox 556 59 616 111; x_wconf 69' lang='lat' dir='ltr'><strong>co.</strong></span> <span class='ocrx_word' id='word_1_7' title='bbox 630 64 669 109; x_wconf 72' lang='grc' dir='ltr'><strong>ια</strong></span> 
     </span>
     <span class='ocr_line' id='line_1_2' title="bbox 126 182 798 266; baseline 0.004 -29"><span class='ocrx_word' id='word_1_8' title='bbox 126 206 183 253; x_wconf 74' lang='lat' dir='ltr'><strong>egro</strong></span> <span class='ocrx_word' id='word_1_9' title='bbox 195 182 304 237; x_wconf 79' lang='lat' dir='ltr'><strong>Romatio</strong></span> <span class='ocrx_word' id='word_1_10' title='bbox 321 196 405 244; x_wconf 87' lang='lat' dir='ltr'><strong>uatum,</strong></span> <span class='ocrx_word' id='word_1_11' title='bbox 422 197 446 237; x_wconf 89' lang='lat' dir='ltr'><strong>et</strong></span> <span class='ocrx_word' id='word_1_12' title='bbox 464 191 627 266; x_wconf 73' lang='lat' dir='ltr'><strong>quadrupedem</strong></span> <span class='ocrx_word' id='word_1_13' title='bbox 646 205 743 253; x_wconf 81' lang='lat' dir='ltr'><strong>anguem</strong></span> <span class='ocrx_word' id='word_1_14' title='bbox 762 190 798 244; x_wconf 52' lang='lat' dir='ltr'><strong>rie</strong></span> 
     </span>
    </p>
   </div>
   <div class='ocr_carea' id='block_1_2' title="bbox 128 251 885 317">
    <p class='ocr_par' dir='ltr' id='par_1_2' title="bbox 128 251 885 317">
     <span class='ocr_line' id='line_1_3' title="bbox 128 251 885 317; baseline 0.003 -16"><span class='ocrx_word' id='word_1_15' title='bbox 128 270 193 302; x_wconf 78' lang='lat' dir='ltr'><strong>sum:</strong></span> <span class='ocrx_word' id='word_1_16' title='bbox 212 262 235 303; x_wconf 89' lang='lat' dir='ltr'><strong>et</strong></span> <span class='ocrx_word' id='word_1_17' title='bbox 245 252 330 317; x_wconf 78' lang='lat' dir='ltr'><strong>Capuae</strong></span> <span class='ocrx_word' id='word_1_18' title='bbox 341 256 411 302; x_wconf 77' lang='lat' dir='ltr'><strong>multa</strong></span> <span class='ocrx_word' id='word_1_19' title='bbox 421 254 443 301; x_wconf 89' lang='lat' dir='ltr'><strong>in</strong></span> <span class='ocrx_word' id='word_1_20' title='bbox 453 254 504 301; x_wconf 84' lang='lat' dir='ltr'><strong>loro</strong></span> <span class='ocrx_word' id='word_1_21' title='bbox 515 254 607 303; x_wconf 81' lang='lat' dir='ltr'><strong>aedrficia</strong></span> <span class='ocrx_word' id='word_1_22' title='bbox 614 256 642 303; x_wconf 84' lang='lat' dir='ltr'><strong>de</strong></span> <span class='ocrx_word' id='word_1_23' title='bbox 652 256 711 303; x_wconf 85' lang='lat' dir='ltr'><strong>eoelo</strong></span> <span class='ocrx_word' id='word_1_24' title='bbox 721 251 795 308; x_wconf 62' lang='lat' dir='ltr'><strong>tacta}</strong></span> <span class='ocrx_word' id='word_1_25' title='bbox 879 294 885 304; x_wconf 82' lang='grc'><strong>.</strong></span> 
     </span>
    </p>
   </div>
   <div class='ocr_carea' id='block_1_3' title="bbox 89 318 860 2647">
    <p class='ocr_par' dir='ltr' id='par_1_3' title="bbox 89 318 860 1793">
     <span class='ocr_line' id='line_1_4' title="bbox 128 318 796 381; baseline 0.004 -16"><span class='ocrx_word' id='word_1_26' title='bbox 128 327 152 365; x_wconf 83' lang='lat' dir='ltr'><strong>et</strong></span> <span class='ocrx_word' id='word_1_27' title='bbox 163 319 264 367; x_wconf 85' lang='lat' dir='ltr'><strong>Puteolis</strong></span> <span class='ocrx_word' id='word_1_28' title='bbox 275 320 329 367; x_wconf 85' lang='lat' dir='ltr'><strong>duas</strong></span> <span class='ocrx_word' id='word_1_29' title='bbox 340 334 409 367; x_wconf 85' lang='lat' dir='ltr'><strong>naves</strong></span> <span class='ocrx_word' id='word_1_30' title='bbox 416 318 516 367; x_wconf 84' lang='lat' dir='ltr'><strong>fulminis</strong></span> <span class='ocrx_word' id='word_1_31' title='bbox 524 320 570 367; x_wconf 83' lang='lat' dir='ltr'><strong>ictu</strong></span> <span class='ocrx_word' id='word_1_32' title='bbox 578 327 730 368; x_wconf 74' lang='lat' dir='ltr'><strong>concrematas</strong></span> <span class='ocrx_word' id='word_1_33' title='bbox 738 336 796 381; x_wconf 58' lang='lat' dir='ltr'><strong>esau</strong></span> 
     </span>
     <span class='ocr_line' id='line_1_5' title="bbox 129 382 800 447; baseline 0.006 -18"><span class='ocrx_word' id='word_1_34' title='bbox 129 382 192 431; x_wconf 84' lang='lat' dir='ltr'><strong>Inter</strong></span> <span class='ocrx_word' id='word_1_35' title='bbox 211 386 269 438; x_wconf 86' lang='lat' dir='ltr'>haec,</span> <span class='ocrx_word' id='word_1_36' title='bbox 290 400 341 445; x_wconf 90' lang='lat' dir='ltr'><strong>quae</strong></span> <span class='ocrx_word' id='word_1_37' title='bbox 360 385 523 437; x_wconf 74' lang='lat' dir='ltr'><strong>nuntiabantur,</strong></span> <span class='ocrx_word' id='word_1_38' title='bbox 544 384 611 447; x_wconf 83' lang='lat' dir='ltr'><strong>lupus</strong></span> <span class='ocrx_word' id='word_1_39' title='bbox 629 386 696 432; x_wconf 88' lang='lat' dir='ltr'><strong>etiam</strong></span> <span class='ocrx_word' id='word_1_40' title='bbox 715 384 800 433; x_wconf 69' lang='lat' dir='ltr'><strong>Romae</strong></span> 
     </span>
     <span class='ocr_line' id='line_1_6' title="bbox 128 446 801 514; baseline -0.003 -17"><span class='ocrx_word' id='word_1_41' title='bbox 128 448 225 497; x_wconf 78' lang='lat' dir='ltr'><strong>interdiu</strong></span> <span class='ocrx_word' id='word_1_42' title='bbox 244 450 348 512; x_wconf 82' lang='lat' dir='ltr'><strong>agitatus,</strong></span> <span class='ocrx_word' id='word_1_43' title='bbox 369 464 420 495; x_wconf 86' lang='lat' dir='ltr'><strong>cum</strong></span> <span class='ocrx_word' id='word_1_44' title='bbox 440 446 530 509; x_wconf 76' lang='lat' dir='ltr'><strong>Collini</strong></span> <span class='ocrx_word' id='word_1_45' title='bbox 547 447 612 511; x_wconf 75' lang='lat' dir='ltr'><strong>porti</strong></span> <span class='ocrx_word' id='word_1_46' title='bbox 629 448 741 504; x_wconf 66' lang='lat' dir='ltr'><strong>intriaoet,</strong></span> <span class='ocrx_word' id='word_1_47' title='bbox 759 464 801 514; x_wconf 83' lang='lat' dir='ltr'><strong>per</strong></span> 
     </span>
     <span class='ocr_line' id='line_1_7' title="bbox 129 509 797 575; baseline 0 -14"><span class='ocrx_word' id='word_1_48' title='bbox 129 513 271 574; x_wconf 86' lang='lat' dir='ltr'><strong>Esquilinam</strong></span> <span class='ocrx_word' id='word_1_49' title='bbox 293 528 378 575; x_wconf 51' lang='lat' dir='ltr'><strong>magno¹</strong></span> <span class='ocrx_word' id='word_1_50' title='bbox 395 514 571 561; x_wconf 73' lang='lat' dir='ltr'><strong>consectantium</strong></span> <span class='ocrx_word' id='word_1_51' title='bbox 591 514 696 568; x_wconf 86' lang='lat' dir='ltr'><strong>tumultu,</strong></span> <span class='ocrx_word' id='word_1_52' title='bbox 718 509 797 561; x_wconf 63' lang='lat' dir='ltr'><strong>evasii</strong></span> 
     </span>
     <span class='ocr_line' id='line_1_8' title="bbox 128 576 801 655; baseline -0.001 -29"><span class='ocrx_word' id='word_1_53' title='bbox 128 578 216 626; x_wconf 87' lang='lat' dir='ltr'><strong>Eorum</strong></span> <span class='ocrx_word' id='word_1_54' title='bbox 233 578 385 641; x_wconf 84' lang='lat' dir='ltr'><strong>prodigiorum</strong></span> <span class='ocrx_word' id='word_1_55' title='bbox 402 576 469 625; x_wconf 76' lang='lat' dir='ltr'><strong>causi</strong></span> <span class='ocrx_word' id='word_1_56' title='bbox 483 579 588 625; x_wconf 71' lang='lat' dir='ltr'><strong>eonsules</strong></span> <span class='ocrx_word' id='word_1_57' title='bbox 603 580 699 655; x_wconf 63' lang='lat' dir='ltr'><strong>majores</strong></span> <span class='ocrx_word' id='word_1_58' title='bbox 714 578 801 639; x_wconf 68' lang='lat' dir='ltr'><strong>hostiae</strong></span> 
     </span>
     <span class='ocr_line' id='line_1_9' title="bbox 129 642 800 705; baseline 0.001 -16"><span class='ocrx_word' id='word_1_59' title='bbox 129 642 279 697; x_wconf 76' lang='lat' dir='ltr'><strong>immolrlrunt,</strong></span> <span class='ocrx_word' id='word_1_60' title='bbox 302 650 326 689; x_wconf 87' lang='lat' dir='ltr'><strong>et</strong></span> <span class='ocrx_word' id='word_1_61' title='bbox 344 642 402 689; x_wconf 90' lang='lat' dir='ltr'><strong>diem</strong></span> <span class='ocrx_word' id='word_1_62' title='bbox 422 657 491 689; x_wconf 89' lang='lat' dir='ltr'><strong>unum</strong></span> <span class='ocrx_word' id='word_1_63' title='bbox 508 644 566 691; x_wconf 84' lang='lat' dir='ltr'><strong>cirea</strong></span> <span class='ocrx_word' id='word_1_64' title='bbox 582 659 658 691; x_wconf 86' lang='lat' dir='ltr'><strong>omma</strong></span> <span class='ocrx_word' id='word_1_65' title='bbox 675 643 800 705; x_wconf 79' lang='lat' dir='ltr'><strong>pulvinarIa</strong></span> 
     </span>
     <span class='ocr_line' id='line_1_10' title="bbox 129 702 800 770; baseline 0 -15"><span class='ocrx_word' id='word_1_66' title='bbox 129 708 259 770; x_wconf 77' lang='lat' dir='ltr'><strong>supplicatio</strong></span> <span class='ocrx_word' id='word_1_67' title='bbox 273 706 322 753; x_wconf 83' lang='lat' dir='ltr'><strong>luit.</strong></span> <span class='ocrx_word' id='word_1_68' title='bbox 359 706 476 755; x_wconf 78' lang='lat' dir='ltr'><strong>Sacrificiis</strong></span> <span class='ocrx_word' id='word_1_69' title='bbox 491 709 533 755; x_wconf 88' lang='lat' dir='ltr'><strong>rite</strong></span> <span class='ocrx_word' id='word_1_70' title='bbox 547 708 656 770; x_wconf 80' lang='lat' dir='ltr'><strong>perlectis,</strong></span> <span class='ocrx_word' id='word_1_71' title='bbox 672 702 800 770; x_wconf 58' lang='lat' dir='ltr'><strong>provincias</strong></span> 
     </span>
     <span class='ocr_line' id='line_1_11' title="bbox 129 769 802 835; baseline 0.001 -17"><span class='ocrx_word' id='word_1_72' title='bbox 129 772 202 819; x_wconf 76' lang='lat' dir='ltr'><strong>sortiti</strong></span> <span class='ocrx_word' id='word_1_73' title='bbox 213 779 275 819; x_wconf 74' lang='lat' dir='ltr'><strong>aunt.</strong></span> <span class='ocrx_word' id='word_1_74' title='bbox 308 769 403 821; x_wconf 85' lang='lat' dir='ltr'><strong>Claudio</strong></span> <span class='ocrx_word' id='word_1_75' title='bbox 415 770 490 827; x_wconf 79' lang='lat' dir='ltr'><strong>latria,</strong></span> <span class='ocrx_word' id='word_1_76' title='bbox 503 773 636 835; x_wconf 85' lang='lat' dir='ltr'><strong>Sempronio</strong></span> <span class='ocrx_word' id='word_1_77' title='bbox 647 772 748 821; x_wconf 82' lang='lat' dir='ltr'><strong>Sardinia</strong></span> <span class='ocrx_word' id='word_1_78' title='bbox 758 773 802 834; x_wconf 61' lang='lat' dir='ltr'><strong>olt-</strong></span> 
     </span>
     <span class='ocr_line' id='line_1_12' title="bbox 129 834 799 899; baseline -0.001 -16"><span class='ocrx_word' id='word_1_79' title='bbox 129 838 198 883; x_wconf 82' lang='lat' dir='ltr'><strong>venit.</strong></span> <span class='ocrx_word' id='word_1_80' title='bbox 234 835 321 899; x_wconf 83' lang='lat' dir='ltr'><strong>Legem</strong></span> <span class='ocrx_word' id='word_1_81' title='bbox 333 836 383 883; x_wconf 91' lang='lat' dir='ltr'><strong>dein</strong></span> <span class='ocrx_word' id='word_1_82' title='bbox 395 836 422 883; x_wconf 92' lang='lat' dir='ltr'><strong>de</strong></span> <span class='ocrx_word' id='word_1_83' title='bbox 433 837 500 883; x_wconf 82' lang='lat' dir='ltr'><strong>oociia</strong></span> <span class='ocrx_word' id='word_1_84' title='bbox 511 834 539 886; x_wconf 83' lang='lat' dir='ltr'><strong>C.</strong></span> <span class='ocrx_word' id='word_1_85' title='bbox 552 836 660 886; x_wconf 80' lang='lat' dir='ltr'><strong>Claudius</strong></span> <span class='ocrx_word' id='word_1_86' title='bbox 670 838 722 884; x_wconf 89' lang='lat' dir='ltr'><strong>tulit</strong></span> <span class='ocrx_word' id='word_1_87' title='bbox 733 852 799 883; x_wconf 75' lang='lat' dir='ltr'><strong>senn-</strong></span> 
     </span>
     <span class='ocr_line' id='line_1_13' title="bbox 130 896 799 963; baseline 0 -16"><span class='ocrx_word' id='word_1_88' title='bbox 130 901 289 954; x_wconf 68' lang='lat' dir='ltr'><strong>tdeconaulto,</strong></span> <span class='ocrx_word' id='word_1_89' title='bbox 302 908 324 947; x_wconf 87' lang='lat' dir='ltr'><strong>et</strong></span> <span class='ocrx_word' id='word_1_90' title='bbox 335 901 416 947; x_wconf 83' lang='lat' dir='ltr'><strong>edixit:</strong></span> <span class='ocrx_word' id='word_1_91' title='bbox 432 903 494 963; x_wconf 87' lang='lat' dir='ltr'><strong>“qui</strong></span> <span class='ocrx_word' id='word_1_92' title='bbox 505 896 559 948; x_wconf 83' lang='lat' dir='ltr'><strong>socii</strong></span> <span class='ocrx_word' id='word_1_93' title='bbox 569 918 596 949; x_wconf 86' lang='lat' dir='ltr'><strong>ac</strong></span> <span class='ocrx_word' id='word_1_94' title='bbox 606 902 703 949; x_wconf 81' lang='lat' dir='ltr'><strong>nominis</strong></span> <span class='ocrx_word' id='word_1_95' title='bbox 714 900 799 957; x_wconf 85' lang='lat' dir='ltr'><strong>Latini,</strong></span> 
     </span>
     <span class='ocr_line' id='line_1_14' title="bbox 129 954 800 1028; baseline 0.003 -17"><span class='ocrx_word' id='word_1_96' title='bbox 129 964 171 1027; x_wconf 86' lang='lat' dir='ltr'><strong>ipsi</strong></span> <span class='ocrx_word' id='word_1_97' title='bbox 185 968 310 1028; x_wconf 76' lang='lat' dir='ltr'><strong>majoresve</strong></span> <span class='ocrx_word' id='word_1_98' title='bbox 323 980 408 1019; x_wconf 84' lang='lat' dir='ltr'><strong>eorum,</strong></span> <span class='ocrx_word' id='word_1_99' title='bbox 427 966 463 1013; x_wconf 90' lang='grc' dir='ltr'><strong>Μ.</strong></span> <span class='ocrx_word' id='word_1_100' title='bbox 475 964 578 1021; x_wconf 83' lang='lat' dir='ltr'><strong>Claudio,</strong></span> <span class='ocrx_word' id='word_1_101' title='bbox 594 954 625 1013; x_wconf 80' lang='lat' dir='ltr'><strong>T.</strong></span> <span class='ocrx_word' id='word_1_102' title='bbox 639 966 734 1022; x_wconf 82' lang='lat' dir='ltr'><strong>Quimio</strong></span> <span class='ocrx_word' id='word_1_103' title='bbox 745 981 800 1013; x_wconf 86' lang='lat' dir='ltr'><strong>een-</strong></span> 
     </span>
     <span class='ocr_line' id='line_1_15' title="bbox 129 1028 800 1093; baseline 0.003 -16"><span class='ocrx_word' id='word_1_104' title='bbox 129 1030 222 1083; x_wconf 63' lang='lat' dir='ltr'><strong>aoribua</strong></span> <span class='ocrx_word' id='word_1_105' title='bbox 239 1037 335 1092; x_wconf 76' lang='lat' dir='ltr'><strong>postque</strong></span> <span class='ocrx_word' id='word_1_106' title='bbox 345 1046 378 1085; x_wconf 86' lang='lat' dir='ltr'><strong>ea,</strong></span> <span class='ocrx_word' id='word_1_107' title='bbox 391 1030 449 1093; x_wconf 86' lang='lat' dir='ltr'><strong>apud</strong></span> <span class='ocrx_word' id='word_1_108' title='bbox 460 1032 533 1079; x_wconf 85' lang='lat' dir='ltr'><strong>socioa</strong></span> <span class='ocrx_word' id='word_1_109' title='bbox 543 1032 640 1078; x_wconf 82' lang='lat' dir='ltr'><strong>nominis</strong></span> <span class='ocrx_word' id='word_1_110' title='bbox 651 1030 727 1079; x_wconf 87' lang='lat' dir='ltr'><strong>Latini</strong></span> <span class='ocrx_word' id='word_1_111' title='bbox 738 1028 800 1079; x_wconf 76' lang='lat' dir='ltr'><strong>cenni</strong></span> 
     </span>
     <span class='ocr_line' id='line_1_16' title="bbox 130 1093 801 1157; baseline 0.004 -16"><span class='ocrx_word' id='word_1_112' title='bbox 130 1100 211 1150; x_wconf 67' lang='lat' dir='ltr'><strong>essent,</strong></span> <span class='ocrx_word' id='word_1_113' title='bbox 229 1102 255 1141; x_wconf 90' lang='lat' dir='ltr'><strong>ut</strong></span> <span class='ocrx_word' id='word_1_114' title='bbox 266 1110 343 1150; x_wconf 79' lang='lat' dir='ltr'><strong>omnen</strong></span> <span class='ocrx_word' id='word_1_115' title='bbox 354 1096 377 1141; x_wconf 90' lang='lat' dir='ltr'><strong>in</strong></span> <span class='ocrx_word' id='word_1_116' title='bbox 389 1111 451 1143; x_wconf 84' lang='lat' dir='ltr'><strong>suem</strong></span> <span class='ocrx_word' id='word_1_117' title='bbox 462 1097 557 1157; x_wconf 84' lang='lat' dir='ltr'><strong>quiaque</strong></span> <span class='ocrx_word' id='word_1_118' title='bbox 567 1096 679 1144; x_wconf 72' lang='lat' dir='ltr'><strong>civitatem</strong></span> <span class='ocrx_word' id='word_1_119' title='bbox 689 1103 742 1143; x_wconf 88' lang='lat' dir='ltr'><strong>ante</strong></span> <span class='ocrx_word' id='word_1_120' title='bbox 753 1093 801 1144; x_wconf 85' lang='lat' dir='ltr'><strong>Ca-</strong></span> 
     </span>
     <span class='ocr_line' id='line_1_17' title="bbox 129 1158 800 1223; baseline 0 -16"><span class='ocrx_word' id='word_1_121' title='bbox 129 1160 206 1207; x_wconf 81' lang='lat' dir='ltr'><strong>lendaa</strong></span> <span class='ocrx_word' id='word_1_122' title='bbox 216 1158 358 1208; x_wconf 90' lang='lat' dir='ltr'><strong>Novembres</strong></span> <span class='ocrx_word' id='word_1_123' title='bbox 369 1159 492 1207; x_wconf 80' lang='lat' dir='ltr'><strong>redirent”</strong></span> <span class='ocrx_word' id='word_1_124' title='bbox 526 1160 637 1215; x_wconf 74' lang='lat' dir='ltr'><strong>Quaestio,</strong></span> <span class='ocrx_word' id='word_1_125' title='bbox 654 1161 738 1222; x_wconf 73' lang='lat' dir='ltr'><strong>quiite</strong></span> <span class='ocrx_word' id='word_1_126' title='bbox 753 1175 800 1223; x_wconf 82' lang='lat' dir='ltr'><strong>non</strong></span> 
     </span>
     <span class='ocr_line' id='line_1_18' title="bbox 130 1220 800 1293; baseline 0 -22"><span class='ocrx_word' id='word_1_127' title='bbox 130 1225 245 1279; x_wconf 71' lang='lat' dir='ltr'><strong>redissent,</strong></span> <span class='ocrx_word' id='word_1_128' title='bbox 258 1224 287 1271; x_wconf 90' lang='lat' dir='ltr'><strong>L.</strong></span> <span class='ocrx_word' id='word_1_129' title='bbox 299 1225 412 1273; x_wconf 89' lang='lat' dir='ltr'><strong>Mummio</strong></span> <span class='ocrx_word' id='word_1_130' title='bbox 421 1226 512 1287; x_wconf 87' lang='lat' dir='ltr'><strong>praetori</strong></span> <span class='ocrx_word' id='word_1_131' title='bbox 520 1220 657 1275; x_wconf 62' lang='lat' dir='ltr'><strong>decretaest&#39;·</strong></span> <span class='ocrx_word' id='word_1_132' title='bbox 676 1225 715 1273; x_wconf 85' lang='lat' dir='ltr'><strong>Ad</strong></span> <span class='ocrx_word' id='word_1_133' title='bbox 724 1224 800 1293; x_wconf 72' lang='lat' dir='ltr'><strong>legem</strong></span> 
     </span>
     <span class='ocr_line' id='line_1_19' title="bbox 129 1290 798 1354; baseline -0.003 -15"><span class='ocrx_word' id='word_1_134' title='bbox 129 1296 153 1339; x_wconf 79' lang='lat' dir='ltr'><strong>et</strong></span> <span class='ocrx_word' id='word_1_135' title='bbox 164 1290 260 1337; x_wconf 83' lang='lat' dir='ltr'><strong>edietum</strong></span> <span class='ocrx_word' id='word_1_136' title='bbox 275 1290 373 1337; x_wconf 84' lang='lat' dir='ltr'><strong>consulis</strong></span> <span class='ocrx_word' id='word_1_137' title='bbox 388 1290 617 1337; x_wconf 75' lang='lat' dir='ltr'><strong>senatus-consultum</strong></span> <span class='ocrx_word' id='word_1_138' title='bbox 627 1291 738 1354; x_wconf 76' lang='lat' dir='ltr'><strong>adJectum</strong></span> <span class='ocrx_word' id='word_1_139' title='bbox 748 1297 798 1353; x_wconf 78' lang='lat' dir='ltr'><strong>eat:</strong></span> 
     </span>
     <span class='ocr_line' id='line_1_20' title="bbox 89 1355 802 1418; baseline 0.001 -17"><span class='ocrx_word' id='word_1_140' title='bbox 89 1398 95 1413; x_wconf 63' lang='grc'><strong>,</strong></span> <span class='ocrx_word' id='word_1_141' title='bbox 130 1361 148 1385; x_wconf 84' lang='grc'>“</span> <span class='ocrx_word' id='word_1_142' title='bbox 160 1362 192 1409; x_wconf 90' lang='lat' dir='ltr'><strong>ut,</strong></span> <span class='ocrx_word' id='word_1_143' title='bbox 210 1355 311 1408; x_wconf 81' lang='lat' dir='ltr'><strong>dictator,</strong></span> <span class='ocrx_word' id='word_1_144' title='bbox 329 1356 414 1408; x_wconf 80' lang='lat' dir='ltr'><strong>consul,</strong></span> <span class='ocrx_word' id='word_1_145' title='bbox 431 1356 537 1410; x_wconf 80' lang='lat' dir='ltr'><strong>interrex,</strong></span> <span class='ocrx_word' id='word_1_146' title='bbox 554 1370 641 1409; x_wconf 77' lang='lat' dir='ltr'><strong>censor,</strong></span> <span class='ocrx_word' id='word_1_147' title='bbox 662 1363 747 1418; x_wconf 79' lang='lat' dir='ltr'><strong>praetor</strong></span> <span class='ocrx_word' id='word_1_148' title='bbox 761 1356 802 1416; x_wconf 88' lang='lat' dir='ltr'><strong>qui</strong></span> 
     </span>
     <span class='ocr_line' id='line_1_21' title="bbox 133 1419 801 1481; baseline -0.003 -14"><span class='ocrx_word' id='word_1_149' title='bbox 133 1426 187 1467; x_wconf 87' lang='lat' dir='ltr'><strong>tune</strong></span> <span class='ocrx_word' id='word_1_150' title='bbox 202 1426 267 1473; x_wconf 77' lang='lat' dir='ltr'><strong>emet,</strong></span> <span class='ocrx_word' id='word_1_151' title='bbox 285 1420 344 1481; x_wconf 86' lang='lat' dir='ltr'><strong>apud</strong></span> <span class='ocrx_word' id='word_1_152' title='bbox 354 1435 431 1467; x_wconf 87' lang='lat' dir='ltr'><strong>eorum</strong></span> <span class='ocrx_word' id='word_1_153' title='bbox 442 1434 509 1480; x_wconf 87' lang='lat' dir='ltr'><strong>quem</strong></span> <span class='ocrx_word' id='word_1_154' title='bbox 519 1420 721 1475; x_wconf 80' lang='lat' dir='ltr'><strong>manumitteretur,</strong></span> <span class='ocrx_word' id='word_1_155' title='bbox 738 1420 762 1466; x_wconf 91' lang='lat' dir='ltr'><strong>ln</strong></span> <span class='ocrx_word' id='word_1_156' title='bbox 772 1419 801 1473; x_wconf 82' lang='lat' dir='ltr'><strong>li·</strong></span> 
     </span>
     <span class='ocr_line' id='line_1_22' title="bbox 129 1484 811 1547; baseline 0.001 -16"><span class='ocrx_word' id='word_1_157' title='bbox 129 1485 237 1531; x_wconf 77' lang='lat' dir='ltr'><strong>bertatem</strong></span> <span class='ocrx_word' id='word_1_158' title='bbox 248 1484 402 1538; x_wconf 82' lang='lat' dir='ltr'><strong>vindicaretur,</strong></span> <span class='ocrx_word' id='word_1_159' title='bbox 421 1492 446 1530; x_wconf 91' lang='lat' dir='ltr'><strong>ut</strong></span> <span class='ocrx_word' id='word_1_160' title='bbox 451 1485 609 1546; x_wconf 76' lang='lat' dir='ltr'><strong>jusjurandum</strong></span> <span class='ocrx_word' id='word_1_161' title='bbox 620 1485 689 1539; x_wconf 75' lang='lat' dir='ltr'><strong>duret,</strong></span> <span class='ocrx_word' id='word_1_162' title='bbox 701 1484 739 1547; x_wconf 86' lang='lat' dir='ltr'><strong>qui</strong></span> <span class='ocrx_word' id='word_1_163' title='bbox 749 1499 811 1532; x_wconf 78' lang='lat' dir='ltr'><strong>eum·</strong></span> 
     </span>
     <span class='ocr_line' id='line_1_23' title="bbox 121 1545 802 1603; baseline 0.003 -8"><span class='ocrx_word' id='word_1_164' title='bbox 121 1549 304 1603; x_wconf 62' lang='lat' dir='ltr'><strong>&#39;manumitteret</strong></span> <span class='ocrx_word' id='word_1_165' title='bbox 317 1549 412 1595; x_wconf 83' lang='lat' dir='ltr'><strong>civitatis</strong></span> <span class='ocrx_word' id='word_1_166' title='bbox 420 1549 533 1595; x_wconf 83' lang='lat' dir='ltr'><strong>mutandae</strong></span> <span class='ocrx_word' id='word_1_167' title='bbox 541 1548 608 1597; x_wconf 76' lang='lat' dir='ltr'><strong>causi</strong></span> <span class='ocrx_word' id='word_1_168' title='bbox 615 1564 684 1596; x_wconf 85' lang='lat' dir='ltr'><strong>manu</strong></span> <span class='ocrx_word' id='word_1_169' title='bbox 691 1564 737 1596; x_wconf 92' lang='lat' dir='ltr'><strong>non</strong></span> <span class='ocrx_word' id='word_1_170' title='bbox 749 1545 802 1597; x_wconf 77' lang='lat' dir='ltr'><strong>mtt-</strong></span> 
     </span>
     <span class='ocr_line' id='line_1_24' title="bbox 131 1612 860 1676; baseline 0.001 -16"><span class='ocrx_word' id='word_1_171' title='bbox 131 1612 211 1661; x_wconf 85' lang='lat' dir='ltr'><strong>tere:”</strong></span> <span class='ocrx_word' id='word_1_172' title='bbox 229 1613 267 1674; x_wconf 88' lang='lat' dir='ltr'><strong>qui</strong></span> <span class='ocrx_word' id='word_1_173' title='bbox 278 1612 300 1659; x_wconf 90' lang='lat' dir='ltr'><strong>id</strong></span> <span class='ocrx_word' id='word_1_174' title='bbox 311 1628 357 1659; x_wconf 89' lang='lat' dir='ltr'><strong>non</strong></span> <span class='ocrx_word' id='word_1_175' title='bbox 363 1615 455 1676; x_wconf 86' lang='lat' dir='ltr'><strong>juraret,</strong></span> <span class='ocrx_word' id='word_1_176' title='bbox 472 1628 524 1660; x_wconf 90' lang='lat' dir='ltr'><strong>eum</strong></span> <span class='ocrx_word' id='word_1_177' title='bbox 538 1614 740 1661; x_wconf 81' lang='lat' dir='ltr'><strong>manumittendum</strong></span> <span class='ocrx_word' id='word_1_178' title='bbox 753 1628 800 1661; x_wconf 89' lang='lat' dir='ltr'><strong>non</strong></span> <span class='ocrx_word' id='word_1_179' title='bbox 850 1660 860 1673; x_wconf 32' lang='lat' dir='ltr'>x</span> 
     </span>
     <span class='ocr_line' id='line_1_25' title="bbox 131 1676 802 1746; baseline 0.003 -22"><span class='ocrx_word' id='word_1_180' title='bbox 131 1684 272 1724; x_wconf 83' lang='lat' dir='ltr'><strong>censuerunt.</strong></span> <span class='ocrx_word' id='word_1_181' title='bbox 308 1676 369 1725; x_wconf 85' lang='lat' dir='ltr'><strong>Haeo</strong></span> <span class='ocrx_word' id='word_1_182' title='bbox 379 1678 404 1723; x_wconf 95' lang='lat' dir='ltr'><strong>in</strong></span> <span class='ocrx_word' id='word_1_183' title='bbox 413 1684 528 1739; x_wconf 80' lang='lat' dir='ltr'><strong>posterum</strong></span> <span class='ocrx_word' id='word_1_184' title='bbox 543 1694 610 1727; x_wconf 82' lang='lat' dir='ltr'><strong>cauaa</strong></span> <span class='ocrx_word' id='word_1_185' title='bbox 619 1679 722 1742; x_wconf 83' lang='lat' dir='ltr'><strong>jurisque</strong></span> <span class='ocrx_word' id='word_1_186' title='bbox 732 1678 802 1746; x_wconf 75' lang='lat' dir='ltr'><strong>dietip</strong></span> 
     </span>
     <span class='ocr_line' id='line_1_26' title="bbox 132 1740 516 1793; baseline -0.003 -3"><span class='ocrx_word' id='word_1_187' title='bbox 132 1740 160 1790; x_wconf 80' lang='lat' dir='ltr'><strong>C·</strong></span> <span class='ocrx_word' id='word_1_188' title='bbox 172 1740 268 1791; x_wconf 83' lang='lat' dir='ltr'><strong>Claudio</strong></span> <span class='ocrx_word' id='word_1_189' title='bbox 279 1742 365 1789; x_wconf 80' lang='lat' dir='ltr'><strong>consuli</strong></span> <span class='ocrx_word' id='word_1_190' title='bbox 376 1742 464 1793; x_wconf 77' lang='lat' dir='ltr'><strong>decreta</strong></span> <span class='ocrx_word' id='word_1_191' title='bbox 474 1750 516 1789; x_wconf 74' lang='lat' dir='ltr'><strong>eat.</strong></span> 
     </span>
    </p>

    <p class='ocr_par' dir='ltr' id='par_1_4' title="bbox 104 1804 803 2651">
     <span class='ocr_line' id='line_1_27' title="bbox 163 1804 799 1871; baseline 0.003 -19"><span class='ocrx_word' id='word_1_192' title='bbox 163 1804 196 1851; x_wconf 84' lang='lat' dir='ltr'><strong>X.</strong></span> <span class='ocrx_word' id='word_1_193' title='bbox 216 1805 281 1853; x_wconf 90' lang='lat' dir='ltr'><strong>Dum</strong></span> <span class='ocrx_word' id='word_1_194' title='bbox 292 1807 341 1853; x_wconf 79' lang='lat' dir='ltr'><strong>haeo</strong></span> <span class='ocrx_word' id='word_1_195' title='bbox 355 1806 439 1855; x_wconf 87' lang='lat' dir='ltr'><strong>Romae</strong></span> <span class='ocrx_word' id='word_1_196' title='bbox 453 1815 570 1871; x_wconf 84' lang='lat' dir='ltr'><strong>geruntur,</strong></span> <span class='ocrx_word' id='word_1_197' title='bbox 587 1807 624 1855; x_wconf 91' lang='grc' dir='ltr'><strong>Μ.</strong></span> <span class='ocrx_word' id='word_1_198' title='bbox 635 1807 718 1856; x_wconf 81' lang='lat' dir='ltr'><strong>Juniua</strong></span> <span class='ocrx_word' id='word_1_199' title='bbox 732 1814 756 1854; x_wconf 88' lang='lat' dir='ltr'><strong>et</strong></span> <span class='ocrx_word' id='word_1_200' title='bbox 767 1806 799 1854; x_wconf 66' lang='grc' dir='ltr'><strong>Δ.</strong></span> 
     </span>
     <span class='ocr_line' id='line_1_28' title="bbox 131 1869 802 1933; baseline 0.001 -15"><span class='ocrx_word' id='word_1_201' title='bbox 131 1870 240 1925; x_wconf 77' lang='lat' dir='ltr'><strong>Manlius,</strong></span> <span class='ocrx_word' id='word_1_202' title='bbox 252 1870 289 1931; x_wconf 89' lang='lat' dir='ltr'><strong>qui</strong></span> <span class='ocrx_word' id='word_1_203' title='bbox 300 1872 373 1933; x_wconf 90' lang='lat' dir='ltr'><strong>priore</strong></span> <span class='ocrx_word' id='word_1_204' title='bbox 384 1887 443 1919; x_wconf 85' lang='lat' dir='ltr'><strong>anno</strong></span> <span class='ocrx_word' id='word_1_205' title='bbox 452 1873 555 1919; x_wconf 74' lang='lat' dir='ltr'><strong>consules</strong></span> <span class='ocrx_word' id='word_1_206' title='bbox 562 1870 658 1927; x_wconf 80' lang='lat' dir='ltr'><strong>fuerant,</strong></span> <span class='ocrx_word' id='word_1_207' title='bbox 667 1888 719 1919; x_wconf 90' lang='lat' dir='ltr'><strong>cum</strong></span> <span class='ocrx_word' id='word_1_208' title='bbox 728 1869 802 1933; x_wconf 86' lang='lat' dir='ltr'><strong>Aqui-</strong></span> 
     </span>
     <span class='ocr_line' id='line_1_29' title="bbox 130 1934 802 2000; baseline 0 -17"><span class='ocrx_word' id='word_1_209' title='bbox 130 1936 180 1983; x_wconf 85' lang='lat' dir='ltr'><strong>leiae</strong></span> <span class='ocrx_word' id='word_1_210' title='bbox 197 1934 355 1991; x_wconf 77' lang='lat' dir='ltr'><strong>hibemdesent,</strong></span> <span class='ocrx_word' id='word_1_211' title='bbox 379 1938 487 2000; x_wconf 84' lang='lat' dir='ltr'><strong>principio</strong></span> <span class='ocrx_word' id='word_1_212' title='bbox 503 1938 562 1984; x_wconf 84' lang='lat' dir='ltr'><strong>veris</strong></span> <span class='ocrx_word' id='word_1_213' title='bbox 578 1938 602 1983; x_wconf 88' lang='lat' dir='ltr'><strong>iu</strong></span> <span class='ocrx_word' id='word_1_214' title='bbox 617 1936 674 1985; x_wconf 82' lang='lat' dir='ltr'><strong>linea</strong></span> <span class='ocrx_word' id='word_1_215' title='bbox 690 1934 802 1983; x_wconf 83' lang='lat' dir='ltr'><strong>Istrorum</strong></span> 
     </span>
     <span class='ocr_line' id='line_1_30' title="bbox 131 2000 802 2063; baseline 0 -15"><span class='ocrx_word' id='word_1_216' title='bbox 131 2002 255 2049; x_wconf 84' lang='lat' dir='ltr'><strong>exercitum</strong></span> <span class='ocrx_word' id='word_1_217' title='bbox 268 2001 455 2049; x_wconf 83' lang='lat' dir='ltr'><strong>introduxerunt:</strong></span> <span class='ocrx_word' id='word_1_218' title='bbox 475 2002 511 2049; x_wconf 91' lang='lat' dir='ltr'><strong>ubi</strong></span> <span class='ocrx_word' id='word_1_219' title='bbox 522 2017 574 2048; x_wconf 90' lang='lat' dir='ltr'><strong>cum</strong></span> <span class='ocrx_word' id='word_1_220' title='bbox 588 2000 659 2049; x_wconf 81' lang='lat' dir='ltr'><strong>effirse</strong></span> <span class='ocrx_word' id='word_1_221' title='bbox 668 2002 802 2063; x_wconf 85' lang='lat' dir='ltr'><strong>popularen-</strong></span> 
     </span>
     <span class='ocr_line' id='line_1_31' title="bbox 131 2066 802 2129; baseline 0 -16"><span class='ocrx_word' id='word_1_222' title='bbox 131 2073 175 2121; x_wconf 84' lang='lat' dir='ltr'><strong>tur,</strong></span> <span class='ocrx_word' id='word_1_223' title='bbox 185 2066 249 2114; x_wconf 85' lang='lat' dir='ltr'><strong>dolor</strong></span> <span class='ocrx_word' id='word_1_224' title='bbox 259 2067 332 2129; x_wconf 81' lang='lat' dir='ltr'><strong>magia</strong></span> <span class='ocrx_word' id='word_1_225' title='bbox 343 2074 366 2115; x_wconf 86' lang='lat' dir='ltr'><strong>et</strong></span> <span class='ocrx_word' id='word_1_226' title='bbox 376 2068 499 2129; x_wconf 83' lang='lat' dir='ltr'><strong>indignatio</strong></span> <span class='ocrx_word' id='word_1_227' title='bbox 510 2067 574 2129; x_wconf 91' lang='lat' dir='ltr'><strong>diripi</strong></span> <span class='ocrx_word' id='word_1_228' title='bbox 582 2082 618 2113; x_wconf 88' lang='lat' dir='ltr'><strong>rea</strong></span> <span class='ocrx_word' id='word_1_229' title='bbox 626 2082 677 2113; x_wconf 74' lang='lat' dir='ltr'><strong>auae</strong></span> <span class='ocrx_word' id='word_1_230' title='bbox 685 2073 802 2113; x_wconf 85' lang='lat' dir='ltr'><strong>oernentea</strong></span> 
     </span>
     <span class='ocr_line' id='line_1_32' title="bbox 131 2130 803 2194; baseline -0.001 -17"><span class='ocrx_word' id='word_1_231' title='bbox 131 2130 211 2185; x_wconf 78' lang='lat' dir='ltr'><strong>Istrou,</strong></span> <span class='ocrx_word' id='word_1_232' title='bbox 229 2146 296 2191; x_wconf 81' lang='lat' dir='ltr'><strong>quem</strong></span> <span class='ocrx_word' id='word_1_233' title='bbox 313 2140 373 2179; x_wconf 81' lang='lat' dir='ltr'><strong>certa</strong></span> <span class='ocrx_word' id='word_1_234' title='bbox 391 2147 449 2194; x_wconf 80' lang='lat' dir='ltr'><strong>apes,</strong></span> <span class='ocrx_word' id='word_1_235' title='bbox 467 2133 521 2179; x_wconf 74' lang='lat' dir='ltr'><strong>satie</strong></span> <span class='ocrx_word' id='word_1_236' title='bbox 539 2132 580 2178; x_wconf 77' lang='lat' dir='ltr'><strong>eibi</strong></span> <span class='ocrx_word' id='word_1_237' title='bbox 597 2131 678 2178; x_wconf 84' lang='lat' dir='ltr'><strong>virium</strong></span> <span class='ocrx_word' id='word_1_238' title='bbox 696 2131 803 2177; x_wconf 79' lang='lat' dir='ltr'><strong>adversus</strong></span> 
     </span>
     <span class='ocr_line' id='line_1_33' title="bbox 131 2194 803 2257; baseline -0.004 -14"><span class='ocrx_word' id='word_1_239' title='bbox 131 2194 188 2243; x_wconf 86' lang='lat' dir='ltr'><strong>duoa</strong></span> <span class='ocrx_word' id='word_1_240' title='bbox 203 2197 321 2250; x_wconf 83' lang='lat' dir='ltr'><strong>exercitus,</strong></span> <span class='ocrx_word' id='word_1_241' title='bbox 338 2196 428 2243; x_wconf 76' lang='lat' dir='ltr'><strong>excivit.</strong></span> <span class='ocrx_word' id='word_1_242' title='bbox 464 2194 583 2244; x_wconf 80' lang='lat' dir='ltr'><strong>Concurau</strong></span> <span class='ocrx_word' id='word_1_243' title='bbox 598 2210 628 2243; x_wconf 86' lang='lat' dir='ltr'><strong>ex</strong></span> <span class='ocrx_word' id='word_1_244' title='bbox 644 2196 746 2242; x_wconf 79' lang='lat' dir='ltr'><strong>omnibus</strong></span> <span class='ocrx_word' id='word_1_245' title='bbox 761 2211 803 2257; x_wconf 87' lang='lat' dir='ltr'><strong>po·</strong></span> 
     </span>
     <span class='ocr_line' id='line_1_34' title="bbox 104 2258 803 2323; baseline -0.001 -17"><span class='ocrx_word' id='word_1_246' title='bbox 104 2270 106 2279; x_wconf 80' lang='grc'>’</span> <span class='ocrx_word' id='word_1_247' title='bbox 130 2260 189 2322; x_wconf 78' lang='lat' dir='ltr'><strong>pulis</strong></span> <span class='ocrx_word' id='word_1_248' title='bbox 198 2261 325 2322; x_wconf 79' lang='lat' dir='ltr'><strong>juventutis</strong></span> <span class='ocrx_word' id='word_1_249' title='bbox 336 2258 403 2315; x_wconf 87' lang='lat' dir='ltr'><strong>facto,</strong></span> <span class='ocrx_word' id='word_1_250' title='bbox 422 2262 550 2323; x_wconf 77' lang='lat' dir='ltr'><strong>repentinus</strong></span> <span class='ocrx_word' id='word_1_251' title='bbox 561 2268 584 2308; x_wconf 90' lang='lat' dir='ltr'><strong>et</strong></span> <span class='ocrx_word' id='word_1_252' title='bbox 594 2260 752 2307; x_wconf 72' lang='lat' dir='ltr'><strong>tumultuarius</strong></span> <span class='ocrx_word' id='word_1_253' title='bbox 762 2274 803 2315; x_wconf 71' lang='lat' dir='ltr'><strong>ex-</strong></span> 
     </span>
     <span class='ocr_line' id='line_1_35' title="bbox 130 2324 800 2388; baseline 0.001 -18"><span class='ocrx_word' id='word_1_254' title='bbox 130 2325 213 2371; x_wconf 79' lang='lat' dir='ltr'><strong>ercitus</strong></span> <span class='ocrx_word' id='word_1_255' title='bbox 231 2326 304 2371; x_wconf 83' lang='lat' dir='ltr'><strong>acrius</strong></span> <span class='ocrx_word' id='word_1_256' title='bbox 323 2326 394 2387; x_wconf 87' lang='lat' dir='ltr'><strong>primo</strong></span> <span class='ocrx_word' id='word_1_257' title='bbox 413 2326 505 2388; x_wconf 86' lang='lat' dir='ltr'><strong>impetu,</strong></span> <span class='ocrx_word' id='word_1_258' title='bbox 528 2340 597 2387; x_wconf 83' lang='lat' dir='ltr'><strong>quam</strong></span> <span class='ocrx_word' id='word_1_259' title='bbox 614 2324 800 2387; x_wconf 67' lang='lat' dir='ltr'><strong>perseverantius,</strong></span> 
     </span>
     <span class='ocr_line' id='line_1_36' title="bbox 129 2389 799 2451; baseline 0.001 -16"><span class='ocrx_word' id='word_1_260' title='bbox 129 2390 246 2451; x_wconf 81' lang='lat' dir='ltr'><strong>pugnavit.</strong></span> <span class='ocrx_word' id='word_1_261' title='bbox 281 2389 320 2436; x_wconf 82' lang='lat' dir='ltr'><strong>Ad</strong></span> <span class='ocrx_word' id='word_1_262' title='bbox 334 2398 429 2451; x_wconf 85' lang='lat' dir='ltr'><strong>quatuor</strong></span> <span class='ocrx_word' id='word_1_263' title='bbox 440 2391 516 2447; x_wconf 45' lang='lat' dir='ltr'><strong>‚millia</strong></span> <span class='ocrx_word' id='word_1_264' title='bbox 533 2406 610 2437; x_wconf 83' lang='lat' dir='ltr'><strong>eorum</strong></span> <span class='ocrx_word' id='word_1_265' title='bbox 626 2390 649 2436; x_wconf 92' lang='lat' dir='ltr'><strong>in</strong></span> <span class='ocrx_word' id='word_1_266' title='bbox 665 2391 712 2436; x_wconf 83' lang='lat' dir='ltr'><strong>acie</strong></span> <span class='ocrx_word' id='word_1_267' title='bbox 726 2404 799 2437; x_wconf 82' lang='lat' dir='ltr'><strong>caeaa:</strong></span> 
     </span>
     <span class='ocr_line' id='line_1_37' title="bbox 130 2454 799 2517; baseline 0 -16"><span class='ocrx_word' id='word_1_268' title='bbox 130 2454 213 2508; x_wconf 76' lang='lat' dir='ltr'><strong>ceteri,</strong></span> <span class='ocrx_word' id='word_1_269' title='bbox 231 2454 314 2501; x_wconf 83' lang='lat' dir='ltr'><strong>omisso</strong></span> <span class='ocrx_word' id='word_1_270' title='bbox 325 2455 390 2509; x_wconf 90' lang='lat' dir='ltr'><strong>bello,</strong></span> <span class='ocrx_word' id='word_1_271' title='bbox 407 2455 431 2501; x_wconf 86' lang='lat' dir='ltr'><strong>iu</strong></span> <span class='ocrx_word' id='word_1_272' title='bbox 442 2456 543 2503; x_wconf 75' lang='lat' dir='ltr'><strong>civitates</strong></span> <span class='ocrx_word' id='word_1_273' title='bbox 553 2456 636 2517; x_wconf 77' lang='lat' dir='ltr'><strong>passim</strong></span> <span class='ocrx_word' id='word_1_274' title='bbox 647 2454 799 2517; x_wconf 80' lang='lat' dir='ltr'><strong>diffugenrntt</strong></span> 
     </span>
     <span class='ocr_line' id='line_1_38' title="bbox 129 2518 803 2582; baseline 0.003 -19"><span class='ocrx_word' id='word_1_275' title='bbox 129 2518 182 2565; x_wconf 87' lang='lat' dir='ltr'><strong>inde</strong></span> <span class='ocrx_word' id='word_1_276' title='bbox 196 2518 284 2581; x_wconf 76' lang='lat' dir='ltr'><strong>legator</strong></span> <span class='ocrx_word' id='word_1_277' title='bbox 302 2520 399 2581; x_wconf 87' lang='lat' dir='ltr'><strong>primum</strong></span> <span class='ocrx_word' id='word_1_278' title='bbox 415 2520 444 2566; x_wconf 79' lang='lat' dir='ltr'><strong>ad</strong></span> <span class='ocrx_word' id='word_1_279' title='bbox 459 2536 536 2581; x_wconf 84' lang='lat' dir='ltr'><strong>pacem</strong></span> <span class='ocrx_word' id='word_1_280' title='bbox 553 2520 673 2582; x_wconf 85' lang='lat' dir='ltr'><strong>petendam</strong></span> <span class='ocrx_word' id='word_1_281' title='bbox 688 2519 712 2565; x_wconf 93' lang='lat' dir='ltr'><strong>in</strong></span> <span class='ocrx_word' id='word_1_282' title='bbox 729 2525 803 2565; x_wconf 65' lang='lat' dir='ltr'><strong>caan:</strong></span> 
     </span>
     <span class='ocr_line' id='line_1_39' title="bbox 129 2578 801 2647; baseline -0.004 -12"><span class='ocrx_word' id='word_1_283' title='bbox 129 2581 240 2640; x_wconf 79' lang='lat' dir='ltr'><strong>Romana,</strong></span> <span class='ocrx_word' id='word_1_284' title='bbox 259 2583 337 2633; x_wconf 85' lang='lat' dir='ltr'><strong>deinde</strong></span> <span class='ocrx_word' id='word_1_285' title='bbox 348 2584 434 2633; x_wconf 77' lang='lat' dir='ltr'><strong>obsides</strong></span> <span class='ocrx_word' id='word_1_286' title='bbox 447 2585 574 2647; x_wconf 73' lang='lat' dir='ltr'><strong>imperatos,</strong></span> <span class='ocrx_word' id='word_1_287' title='bbox 586 2585 703 2633; x_wconf 77' lang='lat' dir='ltr'><strong>miserunt·</strong></span> <span class='ocrx_word' id='word_1_288' title='bbox 739 2578 801 2631; x_wconf 73' lang='lat' dir='ltr'><strong>Htee</strong></span> 
     </span>
    </p>
   </div>
   <div class='ocr_carea' id='block_1_4' title="bbox 0 0 953 2909">
    <p class='ocr_par' dir='ltr' id='par_1_5' title="bbox 0 0 953 2909">
     <span class='ocr_line' id='line_1_40' title="bbox 0 0 953 2909; baseline 0 0"><span class='ocrx_word' id='word_1_289' title='bbox 0 0 953 2909; x_wconf 95' lang='lat' dir='ltr'><strong> </strong></span> 
     </span>
    </p>
   </div>
  </div>
 </body>
</html>
