1892 2909
160 107 210 153 880
275 99 307 150 Τ.
322 95 411 150 L1v11
427 99 481 148 Lm·
495 94 576 150 XLV.
595 96 656 151 Osr-
670 100 709 146 2⁴.

129 249 133 256 ·
166 231 226 293 quod
237 231 347 280 excellcre
356 231 415 278 inter
429 227 535 281 finitimas
550 231 652 279 civitates
665 229 798 288 videamur3
817 239 844 279 et

165 297 188 344 id
199 297 272 358 ipsum
283 311 329 342 non
340 304 386 344 torn
397 296 481 344 viribus
492 297 582 350 nostris,
594 311 662 357 quam
672 294 753 342 vestris
763 296 843 342 hono-

166 362 227 407 ribus
241 376 268 407 oc
278 362 375 424 judiciis.
404 361 463 408 Satis
477 361 566 422 quidem
580 370 604 408 et
618 369 672 406 tunc
682 360 706 405 in
716 363 842 421 presentis

166 426 276 488 castigata
291 427 330 472 illa
346 427 430 488 legatio
447 434 502 479 erat,
522 441 573 473 cum
592 433 639 472 tam
654 425 713 471 tristi
729 440 843 486 responso

167 498 243 537 vestro
255 491 352 538 dimissa
372 491 396 538 Si
407 499 456 546 turn
466 507 545 552 parurn
553 490 683 553 ignominias
690 504 786 551 pensum
793 499 841 545 est,

168 556 218 602 haec
229 564 290 602 certe
300 564 346 602 tam
357 556 487 602 miserabilis
495 571 521 602 ac
530 556 622 618 supplex
629 555 713 616 legatio
724 555 791 602 etiam
803 557 843 601 in·

82 641 87 664 ι
168 621 301 674 scientioris,
319 637 386 682 quam
402 621 440 668 illa
455 621 504 675 fuit,
524 620 643 682 legationis
658 620 713 665 satis
728 634 842 682 magnum

168 685 281 747 piaculum
290 693 356 732 esset.
376 685 513 746 superbiam,
526 686 644 732 verborum
651 685 785 745 prasertim,
794 687 842 732 ira·

169 751 236 796 cundi
247 751 349 804 oderunt,
362 751 482 812 prudentes
492 750 599 807 irn'dent;
614 749 718 808 utiquesi
728 748 844 796 inferioris

170 815 276 861 adversus
288 816 423 876 superiorem
432 822 479 861 est:
495 815 582 876 capitali
590 811 733 875 poeminemo
741 828 843 874 unquam

170 879 262 941 dignam
274 880 390 941 judicavit.
424 878 452 926 Iti
468 880 582 926 enimvero
597 878 720 940 periculum
738 887 793 931 erat
812 895 844 926 ne

137 976 140 982 -
170 943 288 990 Romanos
299 943 383 991 Rhodii
397 942 579 991 contemnerent!
602 943 680 990 Etiam
696 941 843 1005 Deosaliqui

169 1009 243 1054 verbis
256 1008 401 1056 ferocioribus
415 1011 544 1070 increpent3
564 1023 606 1055 neo
622 1009 651 1054 ob
665 1008 690 1055 id
705 1023 844 1070 quemquam

169 1071 264 1120 fulmine
274 1075 344 1121 ictum
355 1075 464 1122 audimus.

198 1137 296 1185 XXIV.
316 1147 332 1170 “
342 1138 404 1193 Quid
413 1139 482 1200 igitur
493 1145 590 1200 superat,
605 1138 666 1199 quod
676 1153 807 1200 purgemus,
823 1139 845 1186 si

170 1218 213 1250 nec
223 1203 307 1251 factum
319 1205 399 1250 hostile
411 1205 479 1250 ullum
491 1212 593 1249 nostrum
604 1215 646 1256 est,
660 1210 683 1249 et
694 1205 762 1250 verba
772 1204 844 1249 tumi-

110 1281 113 1292 *
171 1269 233 1314 diora
243 1263 467 1331 legati'offensionem
478 1269 572 1322 aurium,
588 1282 635 1314 non
649 1267 771 1329 perniciem
786 1269 845 1316 civi·

171 1333 230 1386 tatis,
241 1333 384 1381 meruerunt?
400 1333 530 1380 Voluntatis
538 1340 622 1379 nostrae
630 1333 774 1380 ucitaevelut
779 1333 844 1380 litem

171 1399 277 1446 aestimari
292 1399 372 1445 vestris
385 1399 444 1445 inter
459 1413 500 1453 vos
516 1398 655 1444 sermonibus
670 1398 743 1452 audio,
762 1396 845 1446 Patres

171 1464 303 1525 conscripti:
318 1463 400 1512 favisse
408 1479 450 1510 nos
459 1463 514 1525 regi,
523 1470 547 1509 et
553 1463 617 1509 ilium
626 1463 716 1510 vincere
723 1463 844 1522 maluisse3

171 1527 222 1574 ideo
232 1529 291 1575 bello
301 1529 464 1591 persequendos
479 1543 530 1574 esse
543 1528 644 1575 credunt.
669 1527 716 1574 Alii
731 1528 842 1582 vernum,

170 1593 270 1640 voluisse
280 1594 369 1654 quidem
381 1609 422 1641 uos
432 1595 483 1648 hoc,
499 1608 545 1640 non
559 1601 636 1640 tamen
650 1593 680 1639 ob
689 1593 712 1638 id
721 1592 780 1638 bello
790 1608 844 1652 per-

171 1659 297 1718 sequendos
308 1674 370 1705 esse:
390 1674 462 1720 neque
472 1658 577 1711 moribus,
594 1673 667 1718 noque
676 1657 764 1718 legibus
774 1658 844 1705 ullius

140 1747 146 1759 ι
171 1723 268 1769 civitatis
278 1724 310 1770 ita
321 1731 472 1784 comparatum
484 1739 539 1777 esse,
552 1729 584 1776 ut,
599 1722 679 1782 siquis
688 1721 757 1768 vellet
766 1721 844 1768 inimi-

171 1801 224 1833 cum
232 1789 311 1849 perire,
324 1788 342 1834 si
353 1789 408 1834 nihil
417 1788 503 1841 fecerit,
515 1804 560 1849 quo
569 1787 592 1833 id
603 1787 649 1841 fiat,
661 1785 739 1847 capitis
749 1786 844 1832 domm

170 1859 215 1898 tur.
244 1851 296 1906 His,
311 1853 349 1914 qui
360 1867 402 1899 nos
412 1851 487 1916 poemi,
504 1868 550 1898 non
561 1852 660 1905 crimine,
672 1852 773 1904 liberant,
788 1865 843 1912 grs-

171 1917 225 1964 tiam
242 1918 331 1978 quidem
348 1918 467 1965 habemus:
489 1918 531 1980 ipsi
545 1917 682 1964 nous-hanc
697 1915 792 1962 dicimus
807 1916 842 1963 le·

170 1997 224 2046 gem
230 1999 237 2040 ;
254 1983 272 2029 si
284 1998 362 2030 omnes
372 1983 493 2048 voluimus,
504 1982 565 2044 quod
572 1982 694 2043 arguimur,
705 1994 752 2026 nou
761 1980 842 2026 diatim

171 2049 262 2110 guimus
279 2049 416 2094 voluntatem
433 2046 537 2094 asacto:
561 2061 640 2092 omnes
655 2046 785 2107 plectemur.
816 2045 842 2093 Si

171 2113 208 2158 alii
224 2113 348 2174 principum
365 2120 494 2159 nostrorum
511 2111 581 2165 vobis,
602 2111 638 2158 alii
656 2110 704 2172 regi
721 2109 841 2168 furuum

171 2193 217 2225 non
228 2177 325 2238 postulo,
343 2185 367 2224 ut
382 2185 473 2238 propter
487 2191 536 2229 nos,
554 2176 593 2236 qui
606 2175 702 2236 portium
717 2181 843 2224 vestrarum

169 2241 261 2296 fuimus,
280 2243 339 2304 rogis
350 2242 448 2290 fautores
462 2241 518 2288 salvi
532 2241 591 2286 sinte
611 2240 666 2286 illud
681 2239 795 2300 deprecor,
813 2255 843 2288 os

171 2321 213 2354 nos
223 2314 314 2368 propter
324 2307 375 2354 illos
386 2321 510 2367 pereamus.
535 2304 592 2350 Non
602 2305 657 2351 estis
666 2320 709 2350 vos
718 2304 762 2349 iilis
772 2303 842 2362 inice

170 2372 246 2423 tiores,
259 2387 326 2431 quam
338 2372 416 2416 civitas
426 2371 489 2431 ipsa;
506 2378 529 2416 et
539 2370 583 2416 hoc
598 2366 659 2433 [qui]
672 2369 778 2420 sciebant,
795 2369 843 2430 plo·

170 2435 234 2494 rique
245 2451 322 2480 eorum
333 2443 372 2482 aut
383 2435 539 2496 profugenrnt,
551 2440 590 2480 aut
601 2442 697 2478 mortem
706 2432 746 2478 ribi
754 2434 843 2481 consei-
937 2456 938 2487 3

170 2505 265 2545 verunt:
292 2500 335 2550 alii,
356 2499 454 2546 damnati
473 2515 487 2545 o
505 2499 577 2551 nobis,
596 2498 620 2543 in
638 2503 749 2558 potestate
766 2495 844 2546 vestra

155 2569 243 2614 erunt,
261 2561 341 2608 Patres
356 2564 482 2624 conscripti.
511 2561 596 2611 Caeteri
608 2561 700 2613 Rhodii,
719 2561 777 2608 sieut
789 2577 843 2622 grs-

170 2628 224 2674 nam
235 2625 319 2678 nuliam
331 2627 404 2674 meriti
416 2628 460 2674 hoc
476 2627 541 2682 ballo,
558 2627 591 2674 ita
604 2625 843 2690 ne3poemmuuidem
