1892 2909
156 124 206 167 210
276 118 305 167 Τ.
319 116 408 173 nvn
425 118 479 167 Lm.
495 118 578 167 XLII.
597 118 658 169 Car·
672 123 712 171 58·

156 247 276 297 Gallorum
285 248 373 297 cecidit.
405 248 439 295 Et
446 255 501 297 tunc
511 250 602 311 quidsm'
607 248 704 298 Perseus
711 250 741 299 ad
751 250 828 313 syna

153 312 297 426 gum
302 314 409 425 mult:
426 321 517 390 postero
527 314 563 361 die
573 315 632 391 circa
638 316 825 393 eamdensnboram

154 439 214 502 aqui
229 379 825 507 seluenubmrrdxammdddlldoidioxilbiidrmmpadsduudni

155 506 192 553 via
202 507 277 553 omnis
287 508 336 555 siue
346 505 410 568 aqui,
426 514 451 555 et
464 508 553 569 plurimi
569 508 666 570 pulveris
676 517 737 559 erat:
755 509 826 557 affec-
847 512 849 517 '

156 578 237 632 tesqua
248 572 292 626 siti,
304 573 324 619 si
334 572 407 634 primo
414 572 438 617 in
445 580 567 634 conspectu
575 571 724 626 dimicisseut,
736 588 827 636 μψ-

154 642 218 683 turos
226 636 297 685 fuisse
306 637 431 698 apparebat.
464 635 525 685 Cum
537 637 636 684 Romani
646 636 767 699 qrridssaut,
778 647 826 686 sts-

154 701 252 748 tionibus
262 701 329 747 etism
340 702 399 747 intra
409 700 493 748 vallum
505 701 608 755 reductis,
624 703 680 764 regii
694 718 786 765 quoque
799 704 824 750 in

154 772 227 813 costra
237 766 338 813 redeunt.
370 764 425 812 Hoc
441 780 482 827 per
497 766 582 827 aliquot
595 766 642 813 dies
651 766 760 821 lecerunt,
772 781 827 829 spa·

155 836 230 877 rantes
238 829 293 882 fore,
305 836 331 875 ut
339 828 438 876 Romani
448 830 535 891 equites
542 831 670 878 abeuntium
676 832 824 879 novissimum

153 908 237 955 agmen
246 894 435 955 aggrederentur:
453 894 633 947 indecenamine
642 904 699 951 orto.
712 910 763 945 cum
772 898 825 945 lou·

154 958 228 1019 giuss
238 957 317 1004 castris
327 972 367 1005 sos
377 959 512 1013 ebndssent,
524 958 595 1014 focile,
608 960 681 1008 ubiubi
692 968 775 1015 essem.
790 976 825 1015 sq

47 1019 50 1027 '
154 1023 193 1082 qui
203 1021 304 1098 equitatu
313 1030 338 1069 et
348 1022 393 1071 levi
404 1021 517 1071 armaturi
530 1024 580 1086 plus
590 1033 689 1087 possent,
702 1040 826 1073 convenu-

156 1102 195 1133 ros
204 1102 283 1133 amem.

187 1150 283 1198 LVIII.
299 1150 423 1213 Postquam
431 1152 544 1214 inceptum
551 1167 597 1199 uon
604 1154 741 1209 accedebat
751 1160 824 1202 eastra

154 1216 343 1278 proriusbostem
353 1218 425 1263 movit
435 1231 482 1269 rex,
495 1224 518 1263 et
528 1232 542 1263 a
552 1218 650 1278 quinque
665 1220 761 1265 millibus
771 1232 825 1280 pas·

149 1295 221 1327 ‚suum
232 1281 376 1327 communiit:
395 1281 453 1336 inde,
464 1282 516 1329 luce
523 1280 601 1344 primi,
613 1283 637 1329 in
645 1284 724 1330 eodem
732 1298 777 1344 quo
786 1298 825 1330 so-

154 1346 213 1392 lebat
226 1345 285 1398 loco,
300 1346 401 1407 peditum
410 1347 459 1393 acis
468 1344 584 1400 instrunt,
597 1348 823 1407 equitatum-omnam

149 1410 272 1471 levemque
282 1418 415 1457 annaturam
426 1411 455 1459 sd
465 1417 538 1457 castra
547 1412 645 1459 bostium
656 1410 724 1459 ducit
753 1412 824 1460 Visus

149 1481 180 1523 ,et
189 1475 286 1538 plurium
301 1482 325 1521 et
339 1475 430 1537 propior
440 1476 506 1521 solito
524 1476 597 1537 pulvis
612 1476 781 1538 trepidationem
799 1477 823 1523 iu

149 1540 234 1587 neastris
241 1539 352 1586 Romanis
361 1538 422 1587 lecit·
456 1539 490 1587 Et
500 1540 572 1601 primo
582 1541 622 1587 rix
637 1541 746 1587 creditum
763 1554 823 1587 nua-

147 1604 220 1651 tianti
236 1612 278 1657 est,
293 1604 346 1664 quiin
361 1604 471 1664 prioribus
488 1604 599 1651 continuis
616 1605 692 1653 diebus
708 1618 824 1665 nunquam

154 1675 209 1713 cate
219 1668 297 1714 boram
306 1676 407 1728 quartam
418 1668 489 1714 bostis
499 1677 628 1731 apparuerat
634 1685 642 1727 ς
659 1677 708 1715 tum
719 1670 772 1715 solis
784 1684 824 1716 or-

145 1738 193 1780 tus
203 1739 257 1777 erat
285 1731 383 1785 Deinde,
395 1738 421 1779 ut
429 1733 526 1794 plurium
535 1733 632 1781 clemore
641 1741 665 1781 et
675 1748 741 1781 cursu
748 1748 763 1780 a
769 1748 823 1795 por«

155 1794 185 1841 tis
202 1795 308 1842 dubitatio
322 1803 412 1843 exemta
428 1805 470 1851 est,
486 1798 596 1845 tumultus
611 1798 692 1860 ingens
704 1798 819 1845 oboritur:

154 1860 244 1912 tribrmi,
263 1858 413 1921 profectique,
432 1868 457 1908 et
476 1862 616 1910 centuriones
634 1863 657 1909 iu
676 1863 805 1924 praetorium
811 1880 820 1921 3

146 1922 220 1971 miles
231 1924 260 1971 sd
270 1939 311 1971 sua
321 1925 414 1985 quisque
424 1926 521 1975 tentoria
529 1926 639 1973 discurrit
666 1927 746 1975 Minus
756 1925 825 1987 quin-

147 1996 236 2050 gentos
248 2003 327 2051 passus
337 1989 419 2037 avallo
432 1991 566 2037 instruxerit
580 1990 677 2038 Perseus
691 2006 747 2039 suos
762 1991 824 2039 circa

154 2055 279 2108 tumulum·
295 2070 362 2115 quem
382 2052 516 2103 Callicinum
537 2061 626 2111 vocant
661 2054 734 2102 Inasvo
750 2070 821 2104 corna

148 2115 230 2179 *Cotys
240 2133 281 2165 rex
290 2126 391 2180 preerat,
403 2134 455 2165 cum
467 2119 570 2165 omnibus
587 2134 635 2169 suae
651 2120 739 2182 gentis:
758 2120 823 2180 equi-

154 2189 205 2229 tum
219 2184 308 2230 ordines
321 2184 378 2230 levis
391 2190 505 2230 armatura
517 2184 647 2245 interposita
663 2184 819 2245 distinguebat.

156 2244 186 2293 ln
196 2246 276 2293 dextro
286 2262 357 2295 cornu
365 2247 503 2295 Macedones
513 2255 576 2303 erant
584 2248 683 2309 equitari
698 2248 822 2295 intermixti

153 2310 236 2357 turmis
245 2325 324 2357 eorum
335 2310 464 2360 Cretenses.
499 2310 561 2357 Huic
572 2320 690 2369 armaturae
703 2309 764 2359 Milo
774 2310 823 2359 Be·

147 2388 246 2427 ‚rtem
262 2375 372 2435 equitibus
387 2382 411 2422 et
425 2391 520 2422 summae
530 2376 599 2437 partis
609 2378 657 2438 eius
668 2376 741 2423 Meno
751 2376 822 2423 Anti-

146 2437 369 2499 -gcnensispraeerat
391 2438 491 2486 Proximi
500 2439 602 2487 cornutus
610 2440 823 2502 constiterant-regi

155 2500 248 2559 quites,
262 2509 287 2548 et
296 2504 391 2551 mixtum
408 2500 492 2565 genus}
506 2503 591 2550 delecta
604 2503 700 2567 plurium
748 2505 821 2551 utiun

157 2564 251 2614 auxilia:
266 2564 381 2616 Patrocles
392 2565 555 2629 Antigonensis
563 2565 607 2621 hic,
619 2568 671 2616 etP
761 2584 822 2629 pras-r

143 2626 228 2687 jectar
241 2628 321 2687 Didas.
334 2639 397 2692 mant
410 2632 530 2694 prepositi.
554 2632 659 2691 ¹lidedins
668 2633 823 2692 ominiumnfn
