1892 2909
120 60 153 106 m
216 49 351 103 T..L1vl1
368 48 421 103 Lun-
435 46 565 97 XXXIX.
585 46 647 97 Cur.
660 48 701 96 m

119 188 157 235 nis
170 182 309 234 cummunis,¹
322 195 367 227 neu
378 180 555 242 quis-rorgirter
569 193 691 234 sectorum,
708 188 748 227 eut
760 174 803 230 se-

121 252 201 301 ecrdoe
212 246 298 295 esset)⁸
327 280 331 289 ·
536 280 540 285 ‚
623 260 627 269 ·

126 338 129 345 ·
154 314 227 363 XIX.
241 313 323 360 niun
338 312 426 365 deinde
442 311 496 358 huic
511 312 665 374 conjunctum,
685 310 802 361 referente

121 382 154 437 Q,
168 380 258 429 Mucio
277 378 378 431 consule,
397 376 630 427 senatumcousulnnn
648 374 734 425 fectum
753 386 801 433 cst,

123 448 159 495 Ut
170 446 198 493 de
207 446 243 499 iis,
259 459 317 505 quos
327 458 369 506 pro
379 443 489 489 indicibus
498 443 603 491 comunes
613 442 748 496 hnbrrissent,
762 444 803 489 in.

122 521 188 576 tegit
198 526 234 557 res
245 510 273 556 sd
285 516 387 555 senatum
398 506 525 562 referretur,
537 524 594 555 cum
607 509 646 571 Sp.
658 508 801 564 Postumius,

123 576 285 641 questionibus
302 573 413 636 perfectis,
436 574 536 620 Romam
558 574 658 621 redisset.
699 573 803 623 Minium

125 642 253 693 Cerrinium
266 638 406 702 Campanum
420 636 520 686 Ardeam
531 640 555 685 iu
565 639 655 686 vincula
665 639 805 688 mittendum

124 713 268 760 emeruerunt,
291 705 503 767 magistratibusque
523 704 657 751 Ardeatium
678 705 806 767 praeiicen-

125 776 186 827 dum,
207 780 234 819 ut
251 772 372 817 intentiore
387 786 439 817 eum
455 768 559 816 custodiri
574 778 730 828 usservment3
755 785 804 818 non

126 840 200 887 solum
211 853 240 884 ne
249 835 366 897 affligeret,
379 836 419 881 sed
429 850 458 882 ne
466 837 546 882 mortis
552 836 720 885 consciscendae
727 836 805 884 iocum

125 906 223 953 haberet
260 902 300 963 Sp.
311 900 442 947 Postumius
457 901 570 962 eliquanto
584 908 637 965 post
651 901 750 949 Remum
761 916 806 949 ve-

126 971 168 1017 uit.
195 968 233 1016 Eo
239 966 360 1020 referente,
374 967 401 1013 de
412 966 441 1013 P.
450 967 539 1013 AEbutii
549 974 573 1013 et
586 966 689 1029 Hispuiae
698 967 806 1017 Feeeuae

126 1036 228 1099 proemio,
244 1032 304 1094 quod
315 1046 393 1079 eorum
409 1031 478 1093 operi
491 1032 588 1079 indicata
602 1032 752 1079 Bacchanalia
766 1046 805 1080 es·

128 1108 185 1154 sent,
198 1097 429 1147 tenetis-consultum
438 1098 524 1143 sscmm
535 1104 577 1151 est,
591 1097 651 1144 “Ut
662 1098 757 1160 singulis
768 1100 806 1147 his

128 1164 311 1213 centena-millis
322 1164 375 1209 teris
389 1170 514 1223 quaestores
529 1164 608 1209 urbani
625 1177 656 1209 ex
671 1164 750 1210 aererio
764 1164 806 1211 de·

127 1238 192 1277 sent:
212 1229 289 1290 utique
299 1228 379 1275 consui
390 1244 441 1274 cum
452 1228 546 1275 minuis
556 1228 627 1290 plebis
639 1236 723 1291 egeret,
740 1236 765 1276 ut
776 1232 806 1277 ed

128 1296 215 1359 plebem
226 1295 300 1357 primo
310 1308 401 1354 quoque
411 1300 512 1356 tempore
521 1293 613 1348 ferrent,
630 1300 656 1340 ut
671 1293 699 1339 P.
709 1287 807 1342 AEbutio

130 1362 222 1409 emerite
240 1360 348 1421 stipendis
367 1366 449 1413 essent,
470 1375 499 1405 ne
515 1359 600 1405 invitus
616 1359 728 1413 militaret,
748 1375 809 1408 nere

56 1480 63 1491 ι
130 1441 211 1473 eensor
220 1426 241 1471 ei
249 1440 332 1485 equum
340 1424 452 1487 publicum
461 1424 598 1486 assignaret:
616 1425 694 1485 utique
701 1424 809 1475 Feceniae

131 1490 236 1553 Hiepslse
244 1490 311 1543 detio,
321 1489 451 1544 deminutio,
460 1491 537 1553 gentis
544 1489 643 1552 enuptio,
655 1491 737 1537 tutoris
745 1492 809 1553 optio

130 1556 185 1603 item
198 1562 267 1609 esset,
285 1556 347 1616 quasi
363 1556 383 1601 ei
398 1556 433 1601 vir
447 1562 584 1604 testamento
598 1555 709 1602 dedisset:
731 1556 810 1619 utique

132 1622 153 1669 ei
163 1622 264 1683 ingenuo
274 1621 357 1667 nubere
364 1621 453 1667 liceret:
471 1620 577 1681 neuquid
585 1621 612 1674 ei,
626 1621 664 1682 qui
672 1636 722 1668 enm
730 1622 811 1670 duxis-

132 1693 173 1739 set,
191 1685 257 1733 ob=id
265 1685 342 1732 irsudi
352 1686 514 1748 ignominiaeve
523 1694 596 1733 esset:
615 1687 698 1747 utique
704 1688 810 1735 consules

131 1755 291 1814 praetoresque,
315 1751 352 1811 qui
372 1766 432 1797 nunc
451 1759 534 1804 essent,
556 1752 625 1812 quive
642 1758 722 1813 postes
739 1752 810 1800 futuri

132 1824 215 1870 essem,
229 1824 339 1870 curarent,
352 1832 381 1863 ne
392 1816 445 1877 quid
456 1817 477 1862 ei
487 1817 575 1863 mulieri
582 1818 670 1878 injuriae
680 1816 750 1871 tieret,
765 1820 812 1865 uti.

133 1896 177 1943 que
185 1888 236 1928 tuto
247 1890 318 1928 esset:
338 1882 361 1928 id
373 1888 475 1929 senatum
486 1882 551 1935 veile,
568 1890 592 1929 et
607 1898 698 1942 aequum
708 1898 809 1938 censere,

134 1954 160 1995 ut
175 1948 208 1993 itu
224 1946 314 1993 fierew
349 1947 385 1993 Eu
401 1948 478 1994 omnia
492 1948 537 1994 ists
551 1948 580 1994 ed
595 1948 689 2009 piebem,
705 1947 811 2010 itemque

30 2030 32 2037 ’
135 2019 188 2060 suu
203 2026 232 2059 ex
247 2012 468 2069 senatis-consult03
489 2020 512 2059 et
527 2013 556 2059 dc
566 2020 700 2059 caeterorum
709 2014 811 2061 indicum

134 2078 268 2139 impunitate
277 2079 420 2141 praemiisque
430 2079 559 2125 consulibus
569 2079 703 2139 pemrissum
714 2087 756 2126 est.

168 2142 227 2189 XX.
248 2142 281 2190 Et
291 2146 339 2207 Jam
358 2142 389 2197 Q,
404 2142 514 2197 Marcius,
534 2144 695 2204 quaestionirus
713 2160 761 2192 suec
776 2162 812 2193 re-

135 2208 210 2270 gionis
220 2208 331 2271 perfectis,
341 2210 364 2253 in
377 2207 475 2270 Ligures
483 2210 620 2271 provinciam
628 2208 739 2271 proticisci
747 2227 812 2273 pera·

134 2274 173 2320 bet
182 2291 190 2331 ;
213 2275 283 2321 tribus
300 2274 397 2321 millibus
415 2274 515 2336 peditum
533 2275 698 2328 Romanorum,
720 2282 820 2325 centum‘

135 2339 300 2400 quinquaginta
307 2338 425 2399 equitibus,
438 2346 461 2385 et
470 2341 569 2401 quinque
576 2340 673 2387 miilrirus
684 2340 761 2388 Latini
769 2358 813 2390 no·

135 2404 204 2450 minis
219 2404 328 2465 peditum,
347 2404 448 2451 ducentis
464 2406 575 2467 equitibus
589 2405 613 2451 in
631 2406 812 2467 supplementum

136 2469 241 2530 ecceptis.
277 2468 365 2515 Eadem
376 2472 497 2534 provincis,
512 2471 572 2519 idem
587 2486 696 2518 numerus
711 2473 812 2535 peditum

136 2533 282 2594 equitumque
293 2542 316 2581 et
327 2536 421 2598 coliegae
432 2538 535 2583 decretus
546 2548 601 2583 erat.
637 2536 760 2585 Exercitus
774 2554 813 2587 so-

136 2605 253 2663 ceperum,
263 2614 320 2663 quos
327 2601 403 2663 priore
409 2616 469 2650 anno
482 2601 511 2653 C.
521 2600 646 2665 Firmium
655 2608 679 2650 et
687 2601 724 2649 Μ.
736 2602 813 2653 ffl-
