1892 2909
162 98 692 157 m*mmmumm

158 232 197 283 mi
211 231 336 288 concordii,
354 250 411 295 quos
427 236 571 289 dimitterent,
588 250 687 296 quosque
704 234 828 283 retinerent

159 298 247 351 milites,
265 308 444 361 composuerunt.
479 298 537 347 Inde
555 299 656 354 Fulvius,
677 302 828 347 exauctoratis

159 363 264 409 militibus
280 364 303 410 in
320 379 387 411 neves
403 365 519 426 impositis,
536 364 634 412 Romnm
651 371 687 411 est
702 364 825 426 proiectus.
857 414 861 417 ,

161 428 306 489 Sempronius
316 429 339 475 in
351 427 492 477 Celtiberiam
503 430 603 491 legiones
613 430 683 475 duxit

193 491 262 538 XLI.
282 492 393 541 Consules
401 496 465 541 ambo
480 493 607 555 inLigures
621 494 731 540 exercitus
744 494 829 540 indux-

161 564 227 603 erunt
241 558 333 605 diversis
348 560 452 618 pertibus.
487 558 617 605 Postumius
630 556 702 619 primi
717 565 741 604 et
759 556 828 604 tertii

160 622 249 683 legione
267 622 375 669 Balistsm
395 624 600 682 Suismontiumque
618 630 705 668 montes
724 622 824 670 obsedit:

161 692 191 739 et,
209 686 328 747 premendo
343 688 450 747 presidiis
465 694 573 749 angustos
583 688 652 733 saltus
662 702 746 740 comm,
763 702 828 733 com-
850 720 856 729 .

161 758 248 797 mestus
258 751 387 805 interclusit,
405 752 522 813 inopiique
532 752 631 797 omnium
642 766 716 797 rerum
726 766 766 797 eos
776 767 829 811 per-

162 813 255 860 domuit.
290 813 391 869 Fulvius,
410 814 507 863 secundi
516 823 539 863 et
549 814 627 876 quarti
636 816 725 877 legione
734 815 828 861 adortus

162 893 176 925 s
191 877 250 924 Pisis
265 878 373 939 Apuanos
387 878 491 941 Ligures,
508 881 546 941 qui
560 895 637 926 eorum
651 881 710 926 circs
722 878 829 927 Macram

162 940 256 987 fiuvium
271 943 402 998 incolebant,
419 944 442 989 in
458 945 591 991 deditionem
606 951 715 1006 acceptos,
731 944 761 989 sd
775 960 828 1005 sep-

162 1012 208 1051 tem
219 1007 287 1053 millis
297 1007 411 1054 hominmn
422 1009 446 1054 in
456 1024 525 1055 naves
534 1010 657 1071 impositos,
673 1015 755 1069 praeser
763 1023 829 1057 orum

162 1070 254 1119 Etrusci
265 1071 331 1119 maris
340 1071 458 1134 Neapolim
467 1074 601 1119 transmisit:
614 1072 666 1119 inde
675 1072 698 1118 iu
710 1072 827 1119 Samnium

163 1135 272 1193 trsdrrcti;
283 1151 381 1197 agerque
391 1138 425 1185 bis
434 1138 493 1184 inter
500 1138 616 1199 popttleres
623 1138 687 1184 dutus
695 1144 737 1183 est·
754 1136 829 1183 Mon-

163 1207 267 1247 unorum
280 1199 391 1262 Ligurum
402 1203 429 1249 sb
439 1202 470 1247 A.
485 1201 601 1248 Postumio
611 1203 684 1248 vineae
694 1216 768 1255 caesae,
778 1200 828 1248 fru-

163 1272 283 1325 mentoque
296 1265 388 1323 deusttm
405 1266 483 1319 donec,
500 1266 597 1312 cladibus
611 1267 712 1312 omnibus
726 1266 777 1312 belli
788 1282 829 1313 oo-

163 1329 215 1380 ecti
232 1330 255 1375 in
273 1330 407 1377 deditionem
425 1337 542 1384 venerunt,
559 1344 663 1390 armoque
680 1328 826 1377 tradiderunt.

163 1392 265 1440 Navibus
280 1394 331 1440 inde
346 1393 476 1441 Postumius
489 1396 517 1441 sd
533 1394 646 1441 visendam
661 1409 724 1441 orum
741 1392 829 1455 Ingau-

164 1472 244 1505 norum
255 1456 467 1519 Intemeliorumque
477 1458 587 1521 Ligurum
600 1458 714 1519 prooessit.
748 1458 830 1505 Prius·

164 1538 230 1583 quam
246 1523 269 1569 bi
286 1525 388 1571 consrtles
406 1524 509 1571 venirent
523 1524 552 1570 nd
569 1523 690 1569 exercitum
706 1522 745 1583 qui
762 1521 829 1569 Pisas

164 1586 259 1633 indictus
279 1595 333 1641 eret,
349 1595 460 1649 preerant
478 1589 508 1634 A.
523 1583 652 1635 Postumius
669 1594 693 1634 et
707 1586 776 1633 fmter
793 1586 827 1640 Q„

165 1650 240 1697 Fulvii
251 1650 287 1696 M.
299 1650 393 1699 Fulvius
404 1652 513 1699 Nobilior.
548 1652 657 1700 secunde
666 1652 761 1713 legionis
772 1649 830 1697 Ful·

163 1715 218 1773 vius
229 1715 330 1761 tribunus
346 1718 441 1763 militum
456 1724 516 1764 eret:
534 1717 554 1763 is
568 1717 679 1762 merrsibus
689 1716 735 1763 suis
745 1715 830 1763 dimisit

163 1778 830 1905 sennensem

165 1907 260 1955 oentism
269 1911 332 1971 (nem
343 1926 370 1956 eo
379 1909 438 1959 forte
445 1918 494 1957 eret
503 1907 625 1972 profectus)
634 1910 695 1955 Aulo
703 1908 830 1955 nuntiatum

165 1979 207 2027 est,
225 1987 276 2018 cum
290 1974 400 2034 equitibus
415 1975 523 2037 expeditis
540 1980 629 2021 secutus
645 1973 754 2026 dimissos,
771 1988 830 2034 quos

165 2052 244 2085 eorum
261 2038 334 2099 potuit
349 2040 443 2099 sesequi,
460 2038 552 2086 deduxit
567 2038 687 2101 oestigstos
704 2037 782 2090 mam
800 2036 831 2087 ds

166 2101 253 2148 caetsris
267 2103 381 2154 consulem
392 2104 508 2151 certiorem
517 2103 578 2150 fecit.
611 2102 649 2149 Eo
660 2101 775 2155 referente
793 2117 830 2149 se·

165 2166 370 2221 mtsss-consrsstum
384 2167 467 2215 fectum
483 2176 525 2221 est,
542 2174 568 2213 ut
582 2166 618 2213 Μ.
632 2166 726 2213 Fulvius
735 2167 759 2212 in
771 2164 830 2217 His-

165 2230 253 2291 ptnitm
268 2232 403 2293 relegeretur
417 2232 475 2279 ultre
489 2246 571 2279 novem
586 2229 753 2293 Certbsginem.
787 2228 831 2277 Li-

165 2301 265 2353 teraeque
281 2295 302 2342 ei
316 2296 375 2343 detae
389 2303 441 2343 sunt
455 2312 470 2343 e
484 2296 576 2343 consule
589 2295 618 2341 nd
635 2295 662 2342 P.
676 2294 788 2341 Manlium
805 2295 830 2341 in

167 2356 302 2419 Hispunism
320 2361 445 2408 ulteriorem
464 2360 595 2409 deferende·
629 2359 717 2407 Milites
727 2360 786 2423 jussi
801 2360 853 2406 ed*

167 2422 234 2483 signs
246 2422 329 2471 redire:
348 2422 414 2473 musi
428 2426 566 2487 ignominie,
583 2424 616 2471 uti
630 2424 832 2487 semestrestipen-

166 2486 228 2532 dium
242 2488 265 2533 in
277 2502 331 2535 eum
341 2504 425 2537 sunum
439 2496 499 2537 esset
508 2491 529 2537 ei
539 2487 629 2552 legioni,
646 2488 773 2535 decretm:
791 2486 831 2549 qui

166 2550 231 2597 miles
240 2550 269 2597 ed
279 2553 400 2599 exercitum
411 2568 456 2601 uon
467 2554 567 2611 redisset,
584 2568 636 2603 eum
646 2554 719 2617 ipnrm
729 2554 831 2621 bonsqw

166 2614 216 2677 ejus
226 2616 322 2665 vendere
332 2618 411 2667 consul
415 2619 500 2681 jussus.
793 2657 798 2669 .
