1892 2909
233 106 366 157 T.L1V11
381 107 439 156 Lm.-
449 106 548 157 xL111.
567 104 627 158 Car.
639 112 661 155 8.
736 110 782 157 Ωἳῖ

114 237 433 302 vsmudtlesbisetcorragi
439 238 652 301 copiasdivertisset·
672 235 724 285 Nee
729 250 784 285 vero
849 246 852 253 ’

114 309 164 370 ipse
181 307 223 353 albi
240 304 314 366 Cotys
329 304 407 358 defuit,
429 304 469 350 vir·
485 305 543 351 bello
562 311 672 357 strenuus,
691 303 784 350 consilio

114 379 232 435 praestans,
243 369 322 417 Thrax
333 384 418 433 genere
428 369 484 422 solo,
497 383 542 415 non
555 368 660 415 moribus.
687 366 748 414 Nam
760 373 784 414 et

116 438 190 483 unicae
200 436 324 482 sobrietatis
338 450 365 481 so
380 435 535 495 temperantiae
550 432 600 487 fuit,
619 433 722 493 idemque
738 433 784 480 cle-

116 499 201 547 mentii
208 508 232 547 et
240 501 393 567 moderatione
400 500 468 545 animi
479 500 544 561 plane
554 498 660 545 amabilis.
669 494 695 560 ⁸]

150 563 177 629 [θ
196 563 286 613 Cuncta
296 565 380 612 Perseo
391 580 420 611 ex
427 572 483 611 roto
491 562 596 610 fluebant
623 562 684 608 Nam
696 568 719 608 et
730 564 783 608 tuhc

117 629 262 691 Epirotarum
273 644 331 692 gens
342 631 366 675 in
380 631 429 693 ejus
440 636 515 690 partes
525 628 620 681 transiit,
636 634 727 673 auctore
739 624 785 674 ee

116 696 190 757 pholo,
202 711 269 756 quem
279 702 354 742 tamen
370 695 399 741 ad
413 693 561 741 defectionem
578 692 697 739 necessitas
708 691 783 752 magis

117 760 232 822 compulit,
244 775 310 820 quam
320 760 431 806 voluntas.
467 757 500 813 Is,
513 758 620 821 singulari
629 754 747 819 prudentii
761 764 785 803 et

116 823 244 871 consumit
254 824 368 886 preditus,
386 832 434 871 tum
445 840 534 885 quoque
544 822 628 885 optimi
640 829 715 869 mente
726 828 780 868 erat.

117 888 186 937 Deos
196 890 256 936 enim
266 890 402 935 immortales
412 896 515 950 precatus
525 887 604 941 suerat,
617 894 642 934 ut
656 888 738 935 bellum
749 886 785 931 in-

117 960 153 1001 ter
161 954 278 1001 Romanos
285 961 310 999 et
317 952 400 1000 Persea
408 969 436 1000 ne
444 953 585 1006 conflaretur,
596 953 688 1000 nevede
696 948 785 999 summi

117 1032 193 1064 mum
210 1017 371 1065 decerneretur.
414 1018 455 1071 At,
467 1026 546 1065 exorto
556 1018 622 1070 bello,
639 1024 745 1065 statuerat
756 1030 785 1063 ex

116 1081 209 1129 foederis
219 1082 348 1143 praescm'pto
358 1081 476 1128 Romanos
485 1084 580 1145 juvare3
596 1090 678 1143 praeter
694 1081 785 1127 foederis

116 1154 194 1195 autem
204 1147 267 1209 leges
277 1147 332 1193 nihil
341 1147 400 1193 rdtro
410 1147 490 1201 facere,
504 1162 575 1207 neque
584 1146 673 1206 obsequi
682 1146 786 1193 indecore

118 1219 142 1259 et
151 1213 252 1274 trrrpiter.
277 1210 387 1259 Turbarit
397 1214 447 1258 haec
457 1212 550 1258 consilis
559 1210 675 1271 Charopus
685 1210 783 1271 quidam,

118 1278 179 1341 (ejus
190 1274 296 1338 Charopi,
306 1277 343 1337 qui
351 1276 431 1323 saloim
442 1278 470 1323 sd
482 1277 559 1323 Aoum
570 1290 657 1323 ornnem
668 1274 697 1321 T.
710 1274 785 1329 erin-

116 1342 151 1389 tio
162 1350 240 1388 contra
250 1341 378 1403 Philippum
388 1342 479 1387 bellanti
496 1348 618 1403 aperuerat,
637 1337 717 1401 nepos)
734 1339 786 1386 vilis
842 1354 843 1363 ¹

117 1407 268 1469 potentiorum
283 1413 412 1460 assentator,
428 1413 452 1453 et
459 1406 529 1453 mirus
540 1406 700 1453 calumniarum
710 1405 733 1450 in
745 1418 786 1465 op-

118 1472 200 1519 timum
210 1485 322 1532 quemque
328 1470 414 1517 artifex.
436 1471 519 1517 Romae
530 1471 635 1517 educatus
642 1469 720 1522 fuerat,
730 1469 786 1515 mis·

81 1569 85 1579 .
119 1550 159 1584 sus
166 1536 245 1583 abavo
252 1536 276 1581 in
286 1535 380 1590 Urbem,
389 1536 522 1598 utlingnam
531 1535 657 1583 Romanam
665 1534 786 1593 literasque
835 1554 836 1559 ¹

117 1601 271 1664 perdisceret·
290 1600 353 1647 Hinc
364 1608 431 1647 notus
442 1615 551 1661 carusque
560 1600 660 1663 plurimis
668 1599 785 1646 Romano-

118 1680 178 1720 rum,
190 1680 242 1713 cnm
250 1666 377 1712 revertisset
384 1665 483 1721 domum,
494 1664 572 1713 naturd
578 1666 642 1718 levis,
654 1671 677 1713 et
693 1662 785 1727 ingenio

118 1745 209 1794 pravus,
222 1745 274 1777 curn
288 1737 311 1776 et
321 1730 427 1778 Romana
442 1731 463 1777 ei
480 1732 576 1778 amicitia
593 1730 675 1777 laceret
689 1731 783 1784 animos,

118 1794 230 1859 principes
242 1795 303 1842 viros
319 1811 389 1856 usqne
406 1796 526 1843 adstrabat
562 1796 607 1843 sed
624 1796 695 1857 primo
712 1796 786 1856 despi-

118 1861 217 1908 ciebatur
231 1860 259 1906 ab
275 1860 383 1913 omnibus,
402 1876 444 1908 nec
457 1862 504 1907 ulla
521 1862 569 1924 ejus
584 1860 640 1907 ratio
657 1861 784 1907 habebatur.

118 1924 242 1986 Postquam
253 1932 327 1971 autem
337 1925 419 1971 bellum
428 1924 544 1973 Persicum
552 1924 673 1972 conflatum
682 1931 725 1978 est,
734 1938 786 1970 cum

117 1990 185 2053 plens
195 1990 271 2036 omnia
278 1989 429 2051 suspicionum
436 1990 460 2035 in
467 1988 559 2038 Graecid
568 1996 649 2043 esseut,
662 1990 738 2045 multis
746 2002 786 2049 pa-

102 2080 105 2091 ·
118 2054 172 2109 hm,
183 2055 283 2116 pluribus
294 2055 381 2102 occulte
392 2053 476 2101 Perseo
487 2055 632 2107 studentibus,
644 2068 691 2099 non
702 2052 787 2099 destitit

120 2116 239 2181 Charopus
249 2135 295 2173 eos,
307 2120 345 2180 qui
356 2120 488 2167 auctoritate
500 2121 559 2166 inter
573 2118 678 2181 Epirotas
693 2124 788 2180 praeatt»
812 2132 815 2139 ·

118 2182 180 2237 bant,
189 2184 250 2244 apud
260 2183 377 2231 Romanos
390 2184 508 2231 criminari.
540 2184 577 2231 Et
594 2183 689 2246 speciem
707 2196 787 2243 quam-

118 2246 171 2293 dam
181 2247 323 2309 coloremque
332 2250 398 2296 dabat
406 2251 455 2312 ejus
465 2250 581 2296 calumniis
596 2264 622 2295 ea
637 2247 784 2304 necessitudo,

119 2325 172 2372 quae
188 2311 241 2358 olim
259 2311 365 2375 Cephalo,
386 2314 518 2374 caeterisque
532 2313 632 2363 eamdem
651 2320 741 2371 ecum,
751 2326 787 2359 se-

120 2376 247 2437 quentibus,
255 2391 307 2423 oron
315 2380 404 2440 regibus
410 2379 563 2425 Macedonum
571 2378 650 2425 fuerat.
670 2377 723 2426 Jam
731 2392 787 2424 vero

119 2441 195 2488 omnia
205 2441 294 2488 illoruin
305 2442 363 2489 dicta
372 2443 474 2504 factaque
483 2444 582 2507 maligne
592 2444 716 2505 explorans,
728 2449 752 2489 et
761 2442 786 2489 in

119 2507 184 2568 pejus
202 2520 290 2569 seraper
303 2507 445 2569 detorquens,
463 2509 630 2569 veritatemque
645 2507 736 2570 adjectis
747 2507 786 2553 de·

119 2572 240 2635 metisque
250 2586 302 2635 quae
312 2574 420 2627 voluerat,
432 2572 566 2629 adulterans,
577 2573 643 2620 fidem
658 2571 786 2619 criminibus

73 2681 77 2686 .
118 2634 220 2686 fidebat
256 2636 386 2702 Nequebis
397 2645 478 2687 umen,
487 2639 686 2689 commovebantur
697 2634 787 2699 Cepha-
