1892 2909
248 118 277 167 'l'-
291 116 379 167 L1v11
396 118 449 167 Ln-
463 118 547 167 XLII.
568 120 628 170 Cor.
642 128 666 169 8.
746 130 791 175 los

116 252 231 299 teretem:
253 248 339 301 deinde,
355 256 473 311 postquem
488 251 594 313 oppidum
609 260 795 317 oppugnaturum,

118 316 249 363 Romanums
269 316 395 368 cernebant,
414 316 527 377 progressi
546 324 598 366 eote
615 327 697 378 portas,
717 321 787 368 eciem

119 388 262 429 struxerunt:
280 394 320 425 nec
332 379 411 425 consul
422 379 458 443 (ut
466 380 504 440 qui
512 381 535 427 id
543 381 615 442 ipsum
624 386 789 445 oppugnatione

119 442 275 503 comminaudsl
282 441 411 503 quaesisset)
422 460 509 491 morsm
517 446 632 492 certamini
641 446 702 494 fecit.
724 448 789 511 Peg.

119 517 197 556 netum
207 519 242 556 est
253 509 347 571 ernplius
358 514 403 555 tres
413 510 486 562 hores,
501 509 534 556 ito
544 518 569 556 ut
581 518 661 557 neutro
673 512 789 561 inclinaret

118 589 177 635 spes
212 574 283 627 Quod
293 574 330 619 ubi
340 573 419 631 consul
429 574 492 627 vidit,
507 573 569 621 nulii
577 584 642 637 perte
650 579 736 623 moveri
747 577 788 624 Li-

118 640 787 765 fflfflttltittllbtltffllti

118 776 214 831 possent
230 768 335 821 tumultu,
356 768 477 813 Incurrunt.
512 767 569 815 Pers
586 786 670 833 mogus
687 772 788 832 eqrdtum

119 834 215 881 mediam
226 833 311 895 trajecit
321 832 398 885 eciem,
414 840 438 879 et
452 833 481 879 sd
495 839 560 895 tergo
573 835 721 897 pugnandum
735 852 787 899 per-

119 899 185 946 vesit.
220 896 279 944 Inde
296 904 368 943 terror
386 897 482 959 injectus
500 896 636 960 Ligun'bus:
663 901 744 949 diversi
763 903 786 948 iu

119 954 199 1009 omnes
212 969 287 1024 psttes
299 961 419 1022 fugeruut:
441 964 545 1025 pequsuci
560 972 619 1015 retro
634 966 658 1011 irs
672 966 786 1028 oppidum,

119 1029 173 1089 quit
182 1028 234 1075 inde
245 1042 271 1073 se
280 1027 377 1073 maxime
384 1026 495 1089 objecerat
504 1042 580 1088 eques.
610 1029 643 1077 Et
652 1046 730 1093 pugne
739 1039 785 1079 tem

119 1093 225 1155 pervicax
235 1092 317 1139 multos
328 1093 464 1139 absumseret
476 1090 595 1153 Ligurum,
607 1095 664 1141 etin
674 1094 728 1156 fugi
735 1112 786 1155 pns-

119 1158 162 1205 sim
172 1157 226 1204 oaesi
237 1164 296 1203 sunt.
323 1156 411 1203 Decem
422 1157 616 1203 millishominum
627 1161 786 1206 caesatrsdun·
840 1204 845 1212 ,

119 1231 170 1280 tsr3
188 1222 282 1283 emplius
293 1222 426 1283 septingenti
441 1218 548 1286 [passim]
563 1222 635 1284 capti3
653 1222 786 1285 signsmili.

118 1288 174 1337 tsr‘m
192 1287 262 1333 relata
279 1286 394 1347 octoginta
409 1286 460 1332 duo.
496 1285 547 1333 Nec
563 1287 678 1333 lncruents
693 1288 787 1335 victoria

117 1351 173 1399 tuit:
195 1352 289 1413 stuplins
305 1350 347 1397 tris
362 1350 430 1397 millia
446 1350 541 1396 militum
557 1352 651 1407 emisso3
671 1367 730 1406 cum,
748 1367 787 1399 ce·

118 1417 222 1474 dentibus
240 1416 331 1468 neutris,
354 1429 383 1461 ex
401 1423 464 1477 perte
483 1413 576 1476 utrique
594 1416 702 1477 primores
721 1416 786 1463 osde-

119 1490 175 1529 rent.

151 1544 224 1593 VIII.
239 1543 295 1591 Post
303 1546 360 1591 hone
368 1560 474 1607 pugnum,
487 1559 517 1591 ex
527 1542 706 1605 diversdffiglin
714 1560 784 1593 unum
884 1590 890 1595 .

118 1612 205 1659 collecti
217 1609 321 1671 Ligures,
337 1625 388 1655 cum
399 1611 506 1672 mojorem
517 1610 588 1655 mrdto
602 1618 687 1671 partem
702 1610 784 1657 civium

117 1678 236 1750 antissam,
245 1688 311 1749 quom
324 1689 444 1750 superesse,
461 1682 584 1749 cernerent,
600 1674 653 1736 (nec
663 1675 723 1721 enim
734 1676 786 1737 plus

118 1744 196 1789 desem
207 1738 276 1786 millia
286 1740 401 1785 homiuum
416 1737 491 1798 erant)
506 1739 636 1786 dediderunt
650 1755 713 1797 sese3
730 1742 785 1787 nrlul

118 1806 208 1867 quidem
222 1804 254 1850 ill
268 1805 340 1865 pecti:
363 1811 505 1865 speraverunt
518 1811 600 1857 temen,
618 1819 663 1850 non
677 1806 783 1859 atrocius,
800 1840 803 1850 .
902 1796 907 1815 '

115 1886 182 1933 quem
194 1869 319 1930 superiores
328 1868 480 1929 imperotores,
493 1869 607 1915 consulem
621 1869 645 1914 in
656 1884 680 1915 se
690 1870 783 1916 saevitrs-

118 1950 175 1983 rum.
211 1935 246 1980 At
255 1933 292 1979 ille
303 1948 364 1979 anno
374 1934 477 1979 omnibns
487 1933 575 1985 ademit,
591 1933 696 1995 oppidum
707 1934 781 1986 diruit,

116 2003 177 2063 ipsos
187 2001 290 2058 bonaque
303 2013 381 2043 eorum
396 1997 507 2059 vendidit:
526 1997 645 2057 literaeque
659 1998 745 2052 senatui
755 1998 784 2045 de

115 2068 182 2115 rebus
193 2065 221 2110 nb
231 2078 255 2109 se
266 2062 337 2125 gestis
347 2062 414 2108 misit.
450 2060 514 2115 Ques
524 2076 576 2107 cum
586 2061 618 2107 A.
628 2061 713 2107 Atilius
725 2076 784 2122 prae-

116 2141 153 2179 tor
162 2131 186 2176 ln
197 2125 260 2175 curli
269 2124 389 2179 resilisset,
407 2125 470 2189 (nom
485 2126 564 2173 consul
577 2125 633 2172 ulter
644 2124 785 2180 Postumius,

116 2196 177 2259 pngs
188 2192 374 2253 recognoscendis
384 2192 407 2237 in
419 2188 543 2252 Cernpunii
555 2197 682 2252 occupatus,
697 2188 783 2251 aberet)

96 2301 100 2305 .
116 2270 182 2320 mox
192 2273 228 2303 res
239 2258 287 2303 viss
302 2256 400 2302 senetul:
421 2262 436 2284 ‘⁴
446 2255 588 2309 Statiellster,
604 2256 641 2316 qui
653 2256 691 2301 uni
702 2271 732 2302 ex
743 2255 785 2302 Li-
869 2314 872 2324 Ι

116 2336 200 2391 gerum
210 2328 279 2383 gente
289 2335 335 2367 uon
345 2320 448 2367 tulissent
462 2334 525 2367 snus
537 2320 643 2367 adversus
657 2320 782 2375 Romanos,

115 2401 164 2439 tum
174 2401 264 2449 quoque
274 2392 421 2447 oppugnatos,
434 2398 480 2431 non
491 2385 550 2431 ultro
560 2384 680 2431 inferentes
689 2385 779 2438 bellum,

116 2456 202 2503 deditos
213 2452 236 2497 lu
247 2448 312 2496 fidem
323 2450 398 2513 populi
410 2446 515 2502 Romul,
531 2450 592 2495 omni
607 2450 693 2496 ultimae
703 2450 783 2501 cnido«,

114 2521 183 2569 lintis
198 2515 301 2575 exemplo
316 2515 426 2561 laceratos
440 2528 466 2559 ec
482 2514 567 2559 deletos
581 2528 643 2560 esse:
666 2518 700 2559 tot
715 2513 783 2559 millio

115 2572 212 2646 &spinum
231 2578 379 2631 innoxiorum,
400 2576 466 2623 fidem
486 2577 626 2638 implorantis
641 2576 716 2638 populi
732 2577 782 2623 Ro-

115 2649 183 2709 uari
197 2644 394 2708 secessuum
406 2642 609 2702 emmane
619 2642 717 2695 moereo
732 2654 785 2701 rw.
