1892 2909
253 112 283 161 T.
297 112 386 161 Ltvn
403 114 458 161 Lra.
472 106 542 163 xm.
561 115 622 166 Car·
637 121 660 165 t.
676 156 685 164 .
750 116 800 165 127

115 244 175 292 den
188 248 290 305 ternpore
300 252 324 291 et
334 245 357 290 in
370 243 471 292 Sardinid
485 260 593 308 magnum
604 248 726 294 tumultum
737 262 795 302 esse,

115 308 191 355 literis
208 308 237 353 T.
251 308 339 355 AEbutii
355 310 458 371 praetoria
473 311 591 372 cognitum
606 319 648 365 est,
665 328 721 373 quas
736 312 799 360 iilius·

117 376 172 436 ejus
184 374 214 419 ad
226 379 328 420 senatum
339 374 451 421 attulerat
487 374 589 429 ilienses,
607 377 717 438 adjunctis
727 376 797 424 Baln-
872 387 876 394 '

117 452 199 484 ronan
213 437 308 491 auxiliis,
325 445 426 499 meatem
440 440 578 501 provinciam
592 442 733 488 invaserant:
752 457 796 489 nec

118 500 156 549 eia
169 502 268 549 invalido
283 503 389 557 exercitu,
406 512 430 550 et
444 502 527 564 magni
540 512 605 566 parte
617 504 744 567 pestilentid
757 508 799 553 ab·

119 574 207 621 sumto,
225 566 298 613 resisti
311 574 406 629 poterat.
426 568 529 615 Eadem
547 577 571 616 et
588 570 710 617 Sardorum
727 571 796 631 legati

119 632 270 690 nuntiabam
292 640 388 685 orantes,
406 640 432 679 ut
450 634 539 681 urbibus
558 635 637 682 saltem
657 635 716 699 (jam
735 635 795 682 enim

119 712 192 760 agros
203 697 330 759 demoratos
340 694 400 757 esse)
412 712 478 759 opem
489 699 661 747 senatusicrret.
692 699 753 746 Haec
763 701 798 746 lc·

119 762 193 825 gatto,
211 768 330 822 totumque
347 762 408 823 quod
426 763 455 809 ad
475 764 599 811 Sardiniam
617 766 748 827 pertinebat,
766 766 797 811 ad

119 841 197 875 novos
211 826 357 888 magistratus
374 829 481 890 reJectum
499 837 540 875 est.
575 829 652 891 AEque
666 830 797 877 miserabilis

119 892 207 955 legatio
218 889 349 953 Lyciorum,
367 893 405 953 qui
417 892 569 941 crudelitatem
579 894 728 948 Rhodiorum,
746 896 797 955 qui·

118 958 164 1003 bru
182 958 210 1003 ab
224 954 253 1002 L.
268 953 375 1005 Cornelio
393 957 498 1018 Scipione
512 960 612 1006 attributi
627 967 697 1014 erant,
714 975 796 1020 querc·

120 1024 217 1069 bantur:
238 1029 253 1051 “
263 1020 344 1068 Fuisse
358 1022 494 1069 subditione
508 1023 629 1071 Antiochi:
648 1038 697 1071 earn
709 1025 794 1086 regiam

120 1087 260 1140 servitutem,
278 1086 381 1133 collatam
396 1100 448 1133 curn
463 1089 568 1148 praesenti
583 1096 650 1141 statu,
665 1090 795 1150 praeclaram

121 1152 246 1199 libertatem
259 1152 339 1198 visam.
372 1151 428 1197 Non
436 1152 625 1213 publico·tantum
636 1168 661 1199 se
670 1154 742 1214 premi
751 1154 795 1198 irn-

121 1217 193 1281 perio,
211 1216 251 1263 sed
265 1216 367 1277 singulos
378 1218 465 1277 justum
481 1218 527 1278 pati
543 1218 672 1264 servitium:
687 1218 754 1279 juxta
769 1232 797 1264 sc

122 1283 233 1345 conjunges
248 1281 375 1341 liberosque
393 1282 484 1328 vexari:
507 1282 530 1327 in
549 1297 638 1344 corpus,
659 1282 683 1327 iu
704 1290 794 1343 tergum

123 1346 213 1393 aaeviria
231 1344 321 1399 famam,
338 1346 398 1405 quod
413 1345 530 1407 indignum
551 1347 587 1399 sit,
605 1347 710 1392 maculari
726 1348 797 1393 debo-

125 1410 266 1471 necarique:
288 1416 312 1456 et
330 1410 402 1471 palam
422 1425 457 1455 res
477 1410 565 1456 odiosas
584 1410 638 1463 heri,
651 1412 709 1471 Juris
728 1412 794 1456 etiam

125 1474 246 1537 usurpandi
257 1472 339 1531 oausd5
356 1489 385 1519 ne
395 1490 436 1535 pro
447 1474 514 1521 dubio
522 1476 624 1528 habeant,
636 1475 692 1519 nihil
702 1475 760 1521 inter
771 1490 795 1521 se

124 1548 148 1588 et
163 1546 258 1602 argento
273 1546 350 1601 parata
366 1539 476 1600 mancipia
486 1538 621 1586 interesse.”
654 1539 735 1585 Motus
752 1539 794 1592 his,

70 1642 76 1654 .
125 1612 216 1655 mustus
231 1604 306 1650 literas
317 1602 396 1665 Lyciis
409 1604 437 1649 ad
451 1604 554 1650 Rhodios
573 1604 647 1651 dedit:
667 1611 684 1634 u
692 1618 734 1649 nec
745 1602 795 1665 Ly-

125 1671 173 1719 cios
192 1669 294 1722 Rhodiis,
316 1684 359 1715 nec
378 1668 435 1713 ullos
453 1669 592 1730 alicuiquam,
610 1669 649 1730 qui
667 1669 713 1715 nati
732 1669 795 1715 liberi

126 1738 178 1789 sint,
190 1736 214 1780 in
225 1734 354 1780 servitutem
366 1732 412 1779 dari
420 1734 514 1794 placere.
540 1732 626 1795 Lycios
636 1735 667 1781 ita
677 1734 718 1780 sub
729 1734 795 1780 Rho-

126 1802 213 1848 diorum
225 1798 290 1844 simul
304 1798 396 1859 imperio
407 1806 430 1843 ct
441 1797 511 1845 tuteld
520 1814 577 1853 csse,
590 1806 615 1846 ut
625 1800 649 1846 in
659 1800 744 1846 ditione
753 1815 795 1862 po-

124 1864 171 1929 puli
182 1863 280 1911 Romani
290 1863 391 1909 civitates
402 1863 470 1909 sociae
481 1861 553 1909 sint.”

157 1927 217 1974 vn,
235 1927 353 1988 Triumphi
370 1926 450 1973 deinde
463 1942 493 1973 ex
508 1926 621 1990 Hispanid
633 1929 679 1974 dno
693 1927 794 1974 continui

125 1996 176 2043 acti.
192 2028 195 2034 .
212 1992 278 2039 Prior
294 1992 439 2053 Sempronius
455 1993 573 2039 Gracchus
585 1994 613 2039 de
624 1991 742 2040 Celtiberis
757 2007 795 2036 so-

126 2061 210 2119 ciisque
222 2072 299 2103 eorum
307 2074 315 2113 ;
331 2064 421 2117 postero
436 2057 471 2103 die
490 2056 520 2102 L.
534 2056 666 2103 Postumius
680 2055 708 2101 de
725 2054 795 2101 Lusi·

128 2124 185 2171 tanis
199 2122 291 2183 aliisque
301 2122 400 2183 ejusdem
411 2122 511 2183 regionis
521 2121 632 2183 Hispanis
641 2120 794 2181 triumpharit.

127 2186 283 2249 Quadraginta
293 2186 361 2233 millia
369 2187 444 2248 pondo
454 2187 542 2248 argenti
553 2186 590 2233 'Ii-
595 2185 713 2233 Gracchus
723 2193 797 2231 trans·

128 2254 188 2307 tulit,
197 2252 278 2314 uiginti
288 2250 357 2297 millia
367 2251 470 2299 Albinus.
510 2251 623 2297 Militibus
633 2251 735 2297 denarios
745 2250 796 2311 qui-
817 2258 822 2265 “

105 2351 107 2357 ι
125 2332 166 2367 nos
175 2316 274 2371 mceno's,
291 2316 373 2377 duplex
388 2316 521 2369 centurioni,
538 2317 620 2377 triplex
634 2316 711 2377 equiti,
728 2316 794 2362 arnbo

125 2384 258 2431 dirimunt:
284 2381 351 2428 sociis
371 2381 519 2434 tantumdem,
531 2379 791 2441 ·quauturnsRomauis.

128 2448 171 2497 Per
187 2446 277 2493 eosdem
293 2445 353 2492 sorte
369 2446 416 2493 dies
434 2445 470 2492 Μ.
483 2444 567 2493 Junius
583 2446 664 2492 consul
679 2459 709 2491 ex
726 2440 795 2490 Istrid

128 2513 267 2560 comitiorum
276 2509 343 2558 causi
351 2510 448 2557 Romam
458 2510 529 2556 venit.
549 2510 610 2556 Eum
621 2525 672 2556 cum
683 2510 706 2553 in
718 2514 800 2554 senatu

129 2575 259 2639 tetigissent
275 2575 486 2635 interrogationibus
503 2575 584 2620 tribuni
604 2574 676 2635 plebis
694 2570 796 2631 Papirius

129 2651 152 2691 et
162 2641 262 2694 Licinius
279 2641 307 2687 de
323 2640 357 2688 his
373 2645 427 2701 quae
440 2640 463 2685 in
475 2637 543 2686 Istrid
553 2646 628 2685 essent
636 2645 695 2690 aeta,
706 2636 732 2680 in
740 2646 796 2679 cou-
