1892 2909
259 85 289 136 Τ.
303 87 392 137 u1v11
409 89 462 136 uns
477 89 557 146 xnv.
578 70 693 145 colas
764 97 812 146 su

134 226 181 284 pst,
193 226 218 266 ut
229 234 275 266 non
286 219 478 284 magnificentiam
485 228 581 276 tantum,
591 221 631 268 sed
638 222 777 283 prudentiam
786 225 810 270 in

136 286 215 334 dandis
226 285 364 347 spectaculis,
377 287 405 334 ad
420 301 472 347 quae
483 287 550 334 rudes
563 294 611 333 tum
622 286 722 334 Romam
736 297 809 344 eraut,

128 352 304 430 admirarentur.
334 350 417 431 lipplae
428 367 518 413 quoque
531 353 681 414 legationibus
691 361 775 414 paratae
785 361 809 403 at

73 521 74 528 ,
133 416 810 546 35ssszoegvpplirpnpaitlllesptrherevgtlppdglsctplzmngfflssusfgg

135 563 192 600 esse,
206 547 243 608 qui
254 547 345 592 vincere
354 547 413 593 bello
424 548 497 594 sciret

169 609 298 659 XXXIII.
317 611 387 658 Edito
396 612 481 659 ludicro
490 612 563 660 omnis
571 613 668 674 generis,
678 613 808 675 clypeisque

134 678 200 726 aereis
210 677 233 722 in
245 691 314 724 naves
325 677 441 738 impositis,
454 685 536 725 caetera
548 679 622 724 omnis
633 679 724 740 generis
736 695 805 735 arma,

134 743 249 792 cumulata
269 743 293 788 in
312 743 428 804 ingentem
443 758 556 797 acmuum,
574 751 678 805 precatus
696 743 805 798 Martem,

133 809 273 861 Minervam,
286 805 405 868 Luamque
415 815 517 862 maban,
529 816 553 855 et
563 816 659 857 caeteros
670 808 742 862 Deos,
755 811 807 869 qui·

133 876 176 923 bus
185 873 256 934 spolia
265 872 364 918 hostium
375 873 449 920 dicare
454 875 494 934 jus
504 873 583 934 fasque
593 881 635 927 est,
647 875 696 939 ipse
709 875 806 936 impera-

133 947 177 993 tor,
197 937 247 984 face
266 934 358 991 subditi,
381 938 510 985 succendit:
533 938 613 986 deinde
633 939 804 988 circumstantes

132 1003 216 1051 tribuni
224 1001 319 1048 militum
327 1019 368 1064 pro
375 1017 399 1050 se
406 1003 500 1064 quisque
507 1004 573 1066 ignes
579 1005 730 1066 conjecerunt.
752 1003 805 1052 No-

133 1076 181 1116 tata
197 1067 270 1114 estin
289 1067 327 1114 illo
345 1069 568 1130 conventuEuropae
579 1069 693 1129 Asiaeque,
706 1069 804 1130 undique

131 1134 214 1198 partim
225 1132 253 1180 ad
262 1133 443 1194 gratulationem,
455 1134 536 1195 partim
547 1134 575 1180 ad
585 1134 737 1195 spectaculum
748 1149 805 1182 con·

131 1197 204 1248 tracti
215 1198 364 1251 multitudine,
374 1199 442 1246 tantis
450 1199 565 1246 navabbus
572 1199 756 1259 terrestribusque
763 1214 806 1246 ex-

131 1266 245 1318 ercitibus,
258 1279 285 1310 es
299 1264 363 1325 copia
376 1279 457 1318 rerum,
475 1280 502 1311 ea
519 1265 593 1312 vilitas
610 1278 723 1321 annonae;
741 1270 805 1310 utet

131 1331 232 1394 privatis,
245 1337 268 1375 et
276 1329 408 1384 civitatibus,
421 1337 444 1376 et
451 1329 563 1390 gentibus,
573 1330 632 1376 dona
640 1329 692 1376 data
698 1327 804 1389 pleraque

131 1398 180 1459 ejus
195 1394 285 1456 generis
303 1394 348 1440 sint
363 1395 391 1440 ab
405 1394 545 1456 imperatore,
562 1409 608 1445 non
623 1394 646 1440 in
657 1409 723 1440 usum
734 1394 803 1441 modo

130 1467 273 1524 praesentem,
286 1459 326 1506 sed
336 1459 403 1506 eriam
414 1459 474 1520 quod
485 1459 564 1511 domos
574 1461 702 1507 avellerent.
731 1459 803 1520 Spec-

130 1525 206 1574 taculo
215 1524 295 1578 fuitei,
306 1540 358 1584 quse
367 1534 465 1578 venerat,
474 1526 545 1571 turbae
553 1540 599 1572 non
608 1524 721 1572 scenicum
729 1524 803 1585 magis

129 1591 248 1644 ludicrum,
256 1605 302 1636 non
309 1591 431 1636 certamina
438 1590 562 1643 hominum,
570 1597 610 1640 aut
615 1588 726 1636 curricula
731 1604 802 1649 equo.-

128 1672 189 1710 rum,
202 1671 269 1717 quam
277 1655 353 1717 praeda
361 1655 516 1708 Macedonica,
529 1655 602 1702 omnis
611 1661 636 1701 ut
644 1655 754 1702 viseretur
761 1669 802 1700 ex-
844 1658 846 1663 ’

129 1723 209 1784 posita,
223 1728 352 1775 statuarum,
365 1721 540 1780 tabularumque,
558 1720 677 1772 textilium,
695 1726 719 1765 et
735 1734 803 1767 usso-

70 1839 72 1843 ,
128 1803 180 1842 rum
191 1801 221 1833 ex
232 1801 286 1832 auro
300 1793 324 1832 et
338 1794 432 1847 argento
445 1793 468 1832 et
479 1801 526 1832 aere
535 1793 559 1832 et
569 1786 636 1832 ebore
645 1784 756 1832 factorum
767 1785 803 1830 in-

128 1852 193 1916 genti
209 1848 263 1898 curt
277 1851 300 1895 in
319 1849 345 1896 eal
363 1849 437 1912 regii:
457 1859 483 1896 ut
496 1866 542 1898 uon
552 1851 576 1896 in
588 1856 722 1912 praesentem
733 1850 801 1898 modo

130 1918 234 1981 speciem,
251 1915 351 1977 qualibus
367 1916 447 1962 referta
461 1916 524 1978 regia
535 1915 684 1964 Akxaudrese
695 1921 750 1966 erat,
763 1914 802 1961 sed

128 1985 295 2044 inperpetuum
308 1996 373 2026 usum
384 1979 469 2028 fierent.
506 1980 575 2033 Haec,
589 1981 612 2026 in
624 1980 717 2026 classem
729 1979 802 2040 impo-

129 2049 178 2100 sita,
198 2046 328 2094 deveheuds
338 2045 437 2092 Romam
449 2044 494 2096 Cn.
506 2045 602 2095 Octavio
613 2045 671 2091 «iata.
707 2043 801 2098 Paulus,

127 2113 226 2173 benigne
244 2111 325 2172 legatis
347 2111 450 2164 dimissis,
475 2119 629 2172 transgressus
648 2111 801 2170 Strymonem,

129 2177 191 2226 mille
202 2191 307 2237 passuum
316 2177 343 2222 ab
354 2175 485 2237 Amphipoli
495 2185 569 2222 castra
579 2176 669 2237 posuit:
687 2174 740 2223 iude
749 2189 803 2236 pro-

127 2243 209 2298 fectus,
226 2239 313 2286 Pellam
331 2240 409 2301 quinto
428 2241 464 2288 die
480 2242 589 2301 pervenit.
623 2239 804 2302 Praetergressus

128 2309 215 2362 urbem,
227 2306 255 2352 ad
268 2305 380 2367 Spelseum
404 2306 464 2366 quod
478 2303 573 2365 vocant)
586 2306 679 2352 biduum
693 2312 801 2357 moratus,

128 2373 158 2427 P.
170 2371 284 2422 Nasicam,
297 2378 321 2418 et
332 2370 364 2425 Q,
405 2372 505 2422 axirnum
519 2370 596 2420 lilium,
614 2386 666 2417 cum
683 2378 747 2432 parte
763 2385 803 2415 co-

127 2441 223 2503 piarum,
236 2436 264 2482 ad
275 2436 441 2498 depopulandos
451 2435 548 2497 Illyrios,
561 2436 600 2496 qui
608 2435 693 2482 Persea
694 2436 804 2497 juverant

128 2505 195 2563 bello,
213 2502 281 2554 misit,
293 2503 370 2563 jussos
386 2501 414 2547 acl
428 2501 522 2549 Oricum
538 2501 579 2546 sibi
596 2515 727 2547 occurrere:
746 2499 802 2560 ipse,

127 2571 227 2632 Epirum
233 2573 320 2630 peleus,
328 2565 505 2627 quintisdecimis
510 2566 591 2613 castris
597 2565 747 2613 Passaronem
754 2577 806 2626 per-

128 2636 199 2694 uenit.-

535 2699 577 2742 20
594 2699 610 2741 3
