1892 2909
133 74 170 119 :24
231 68 262 120 Τ.
276 66 365 119 LIVII
377 68 435 119 'Lm
449 68 577 119 XXXIX.
595 63 711 122 031.ss
734 108 738 114 .

132 174 228 250 ¹eosdem
246 200 296 249 dies
317 202 397 249 consul
415 202 504 250 Acilius
523 200 667 256 Heracleam,
690 199 813 265 Pnilippo's

138 267 242 315 Lamiam
261 265 430 330 oppugndsset3
447 265 512 329 capti
530 266 649 321 Heraclei,
668 267 720 328 quia
731 268 815 330 Jossus

46 382 49 391 p
137 333 280 381 abscederes
289 333 401 380 moenibus
415 331 504 379 Lerniae
513 339 569 386 erat,
581 332 736 393 Romanisque
746 333 815 394 oppi-

136 397 191 445 dum
203 397 302 445 deditum
313 404 355 453 est,
368 413 430 461 aegre
440 412 491 444 eam
501 412 549 444 rem
563 398 652 444 tiderat.
687 396 814 444 Permulsit

137 462 194 509 iram
205 464 255 525 ejus
265 463 352 515 consul,
365 463 431 523 quod,
444 462 472 509 ad
481 462 625 524 Naupactum
635 463 684 525 ipse
692 462 812 517 festinans,

136 543 184 587 quo
195 542 220 573 se
230 542 260 573 ex
269 526 325 589 fugi
336 526 410 573 AEtoli
420 528 570 581 contuderunt,
586 526 692 589 Philippo
701 526 813 589 permislts

137 599 164 639 nt
175 592 320 639 Athamaniae
330 600 353 639 et
362 592 512 653 Amynandro
522 592 605 638 bellom
617 592 722 650 inferret3
740 599 763 638 et
771 606 815 637 ur·

138 659 184 711 bes,
197 672 252 718 quas
260 656 376 704 Thessalis
385 656 459 703 AEtoli
467 658 603 711 adernerant,
615 672 687 719 reguo
697 656 813 719 adjiceret·

139 720 211 769 Haud
223 736 309 784 magno
322 722 446 770 certamine
458 730 482 770 et
492 722 666 783 Aarynandnmr
677 720 816 769 arimania

138 788 262 848 expulerat,
274 793 298 833 et
308 788 375 835 urbes
385 788 471 848 aliquot
487 794 607 849 receperat.
642 786 816 835 Demetriadem

137 866 236 913 quoque,
248 852 326 898 urbem
336 852 433 899 valldsm
449 858 473 899 et
487 852 517 899 ad
530 854 607 899 omnia
621 860 777 915 opportunam,
787 860 817 899 et

139 916 279 979 Magnetum
290 924 390 978 gentem,
406 932 455 965 suae
470 916 561 965 ditionis
576 916 637 964 fecit.
672 916 731 964 Inde
746 924 771 964 et
788 916 817 963 in

140 979 238 1029 Thracii
246 982 352 1042 quasdam
363 984 436 1037 urbes,
448 998 516 1029 norae
527 990 595 1043 atque
604 984 700 1029 insuetae
707 982 818 1030 libertatis

140 1047 203 1101 vitio,
216 1047 360 1095 seditionibus
375 1048 501 1109 principum
516 1048 622 1101 turmas,
639 1046 744 1110 partibas.
760 1062 817 1109 quae

138 1111 265 1159 domestico
283 1112 404 1160 certamine
422 1114 572 1167 vincerentur,
591 1112 734 1175 adjungendo
755 1127 815 1169 sese,

144 1192 171 1223 ee
186 1178 211 1223 it.

172 1192 273 1291 XXIV·
293 1242 340 1291 His
351 1242 427 1290 sedata
437 1244 591 1304 inpraesentia
601 1243 662 1304 regis
677 1241 710 1289 ira
724 1244 749 1288 in
761 1240 815 1289 Ro·

141 1322 220 1353 manos
239 1314 288 1353 est:
308 1322 422 1367 nunquam
433 1315 510 1354 tamen
524 1308 609 1354 remisit
623 1308 723 1353 animum
738 1322 752 1354 a
766 1308 818 1354 col-

141 1370 237 1433 ligendis
254 1374 277 1421 in
291 1386 346 1433 pace
359 1372 451 1425 viribus,
463 1372 550 1432 quibus,
562 1373 696 1432 quandoque
706 1372 758 1418 data
766 1371 818 1418 lor·

142 1444 198 1483 tuna
209 1444 275 1491 esset,
287 1435 316 1483 ad
323 1436 407 1482 bellum
418 1440 526 1483 uteretur.
562 1436 688 1498 Vectigalia
695 1437 760 1498 regni
766 1452 818 1488 non

141 1501 252 1549 fructibus
257 1508 345 1547 tantum
351 1516 457 1563 agrorum
463 1501 612 1563 portoriisque
617 1501 733 1548 maritimis
739 1502 819 1561 auxit3

142 1564 182 1616 sed
189 1566 280 1613 metalla
287 1566 353 1612 etiam
362 1574 385 1613 et
392 1573 469 1613 veteru
476 1567 603 1614 intermissa
609 1567 710 1620 recoluit,
722 1574 746 1612 et
756 1581 820 1615 nova

143 1632 220 1677 multis
230 1632 287 1677 locis
301 1631 404 1677 instituit.
439 1630 476 1678 Ut
490 1634 545 1678 veio
561 1632 675 1692 antiquam
691 1632 820 1678 multitudi-

143 1711 196 1743 nem
206 1697 330 1754 hominum,
343 1709 393 1756 quae
404 1696 456 1743 belli
467 1696 566 1743 cladibus
577 1698 660 1743 antisse
676 1704 732 1750 erat,
749 1697 820 1743 resti—

143 1768 234 1819 tuaret;
248 1776 296 1807 non
308 1762 406 1807 sobolem
417 1768 506 1808 tantum
516 1762 591 1823 stirpis
598 1762 696 1824 parabat,
707 1762 820 1825 cogendis

143 1826 247 1873 omnibus
255 1840 372 1888 procreare
378 1834 445 1887 atque
451 1828 545 1873 educare
552 1828 641 1881 bberos,
654 1824 819 1875 sed'l'brsmrm

140 1892 211 1939 stiam
223 1906 328 1954 magnanr
340 1892 506 1938 multitudinem
517 1892 541 1937 in
552 1892 710 1939 Macedoniam
723 1892 819 1939 tradux-

143 1964 206 2013 erat3
224 1956 356 2017 quietusque
373 1957 507 2017 aliquamdiu
521 1972 536 2003 a
550 1956 622 2011 bellis,
641 1958 704 2003 omni
723 1955 777 2004 curi
792 1958 819 2004 in

143 2022 261 2083 augendas
272 2022 336 2083 regni
347 2037 401 2083 opes
410 2022 512 2069 intentus
521 2022 601 2069 fuerat.
632 2019 731 2069 Redidre
738 2022 822 2070 denda

144 2102 229 2141 sausae,
241 2102 293 2147 quas
303 2086 332 2133 de
345 2088 434 2149 integro
447 2088 506 2133 iram
517 2094 636 2133 moverent
651 2088 676 2133 in
689 2086 817 2135 Romanos.

145 2150 306 2205 Thessalorum
315 2158 338 2198 et
350 2151 522 2200 Perrhaeborum
533 2152 630 2213 querelas
638 2153 667 2199 de
674 2154 764 2203 urbibus
772 2152 820 2201 suis

142 2218 172 2265 ab
183 2233 211 2263 eo
221 2217 338 2278 possessis,
347 2223 371 2263 et
378 2217 504 2279 legatorum
513 2216 624 2265 Eumenis
634 2219 696 2281 regis
705 2218 734 2264 dc
743 2218 821 2266 lbra.

142 2282 186 2331 ciis
197 2282 284 2343 oppidis
293 2297 334 2343 per
348 2282 395 2328 vini
410 2284 531 2345 occupatis,
547 2282 694 2344 traductisque
702 2284 727 2329 in
739 2284 821 2332 Mace-

145 2345 238 2393 doniam
249 2346 399 2401 multitudine,
411 2348 442 2395 ita
449 2349 533 2396 auditos
543 2355 613 2402 mant,
623 2356 649 2395 ut
657 2364 697 2395 eas
707 2362 753 2395 non
761 2362 821 2413 neg.

144 2412 186 2473 ligi
196 2412 252 2459 satis
263 2420 384 2475 appareret.
412 2413 518 2461 Maxime
527 2422 629 2461 moverat
640 2424 749 2469 senatum,
759 2416 821 2475 quod

142 2478 192 2539 jam
207 2476 265 2525 AEni
281 2486 304 2525 et
319 2478 438 2525 Maroneae
452 2479 551 2526 affectari
565 2481 729 2541 possessionem
742 2480 823 2528 audis-

136 2549 214 2591 ⁴seru:
233 2543 308 2588 minos
318 2542 441 2591 Thessalos
458 2546 571 2591 curabant.
607 2545 748 2593 Athanr‘anes
763 2560 823 2607 quo-

145 2622 194 2670 que
204 2616 315 2657 venerunt
324 2608 400 2673 legati.
413 2624 459 2658 non
477 2610 547 2673 partis
562 2610 659 2667 amisse,
675 2626 726 2659 non
742 2609 823 2666 finium
