1892 2909
138 107 156 156 tt
242 107 271 156 Τ»
286 105 376 156 LIVll
391 106 444 157 Lm.
459 104 586 157 XXXIX.
598 106 665 158 «cn.
679 104 711 157 70'

134 239 236 286 licinius
245 238 361 293 Lucullus,
379 238 408 289 C.
420 240 528 287 Aurelius
538 234 643 293 &aarum
654 237 685 285 L.
698 233 811 293 Quinti!

134 304 264 367 Gdrpinua·
295 305 406 352 Extremo
417 307 479 359 anni,-
489 305 708 368 magistratibuajtm
718 305 808 360 umba,

132 378 185 418 ante
194 370 254 417 diem
263 370 352 417 tertium
362 370 442 417 Nonas
451 371 555 425 Martias,
565 369 610 419 Cn.
614 370 716 417 Manlius
723 368 808 425 Vulso,

133 436 161 481 de
177 436 249 483 Gallis
265 437 304 497 qui
319 437 398 483 Asiam
415 436 524 490 incolunt,
541 436 694 497 triumpharit.
729 434 808 483 Serius

132 500 314 565 citriumpbarrdi
325 518 391 549 causa
405 500 454 556 fuit,
473 516 508 555 ne,
528 501 560 555 Q,
572 500 680 549 Terentio
695 498 808 548 Culleone

131 572 235 627 praetore,
261 582 351 613 causam
370 568 421 629 lege
441 564 530 613 Petillii
547 567 638 621 diceret,
660 572 684 612 et
701 565 806 613 incendio

30 678 33 685 ,
132 632 197 678 alieni
208 632 295 695 J'udicii,
313 648 358 693 quo
376 631 404 677 L.
419 633 496 695 Scipio
512 632 629 679 damnatus
647 637 703 684 erat,
720 630 807 677 confla·

131 705 223 759 graret3
235 712 263 744 eo
274 697 429 745 infensioribus
440 698 463 743 in
475 698 606 759 cequamin
613 697 676 743 illum
683 696 805 759 Judicibua,

131 762 191 822 quod
207 762 345 824 disciplinam
360 763 486 816 militarem,
505 778 582 810 severe
596 764 623 810 ab
640 777 668 808 eo
684 776 807 809 conserva·

130 834 185 881 tam,
203 840 319 874 successor
333 829 382 889 ipse
392 830 453 874 omni
464 843 548 889 genere
558 828 655 875 licentiae
666 834 803 889 corruperat.

130 891 214 952 Neqm
221 908 248 939 ea
259 894 307 939 sola
316 892 414 939 infamiae
425 902 495 947 erant,
508 909 560 954 quae
570 895 594 939 in
603 890 718 955 provincii
725 893 804 953 prooul

130 958 158 1003 ab
168 958 239 1003 oculis
249 956 309 1005 sacto
319 960 476 1005 narrabantur:
496 960 535 1005 sed
546 975 572 1005 ee
582 958 649 1005 etiam
659 956 739 1017 magis,
752 967 805 1018 qum

129 1023 153 1067 in
164 1022 270 1069 militibus
285 1025 332 1085 ejus
346 1024 445 1084 quotidie
460 1024 658 1085 conspiciebantur.
694 1021 804 1069 Luxuriae

83 1144 86 1153 Α
129 1088 189 1139 (mim
203 1090 330 1151 peregrinae
343 1089 408 1151 origo
422 1090 450 1136 ab
460 1089 561 1136 exercitu
571 1087 672 1135 Asiatico
682 1088 805 1134 mmmm

130 1152 217 1201 Urbem
232 1161 276 1200 est·
310 1152 331 1199 Ii
345 1154 442 1215 primurn
456 1155 528 1201 lecton
541 1160 629 1206 aeratos,
646 1160 734 1199 vectem
745 1160 804 1199 stra-

128 1219 205 1280 gulam
222 1219 350 1280 pretiosam,
368 1219 476 1281 plagulae,
494 1225 518 1265 et
531 1218 574 1265 alia
587 1218 680 1270 textilia,
697 1223 721 1264 et
739 1217 804 1281 (quae

129 1290 177 1329 tum
186 1284 312 1346 magnilica
324 1285 465 1345 supellectilis
476 1280 622 1343 habebantur)
634 1282 804 1343 monopodia·ot

128 1348 215 1402 ebreos,
230 1349 330 1397 Romam
342 1350 487 1395 advexerunt.
522 1347 590 1395 Tunc
600 1347 699 1409 psaltrire
712 1348 803 1393 sambu-

128 1414 259 1475 cistriaeque,
278 1422 301 1461 et
316 1415 440 1461 convivalia
453 1414 570 1461 ludionum
585 1413 747 1465 oblectamenta
762 1412 804 1459 ad-

57 1469 62 1482 ’
128 1478 173 1525 dite
183 1480 268 1541 epulis:
287 1480 359 1542 epulae
370 1494 459 1541 quoque
468 1480 524 1541 ipare
534 1484 557 1525 et
569 1476 622 1525 curri
632 1484 656 1524 et
666 1484 743 1524 sumto
752 1492 803 1523 ma-

124 1544 175 1606 jore
188 1544 293 1605 apparari
312 1551 407 1607 creptaez
431 1552 480 1591 tum
499 1558 590 1604 coquus,
608 1542 740 1589 vilissimum
760 1556 802 1589 an-

127 1608 194 1669 aquis
212 1610 347 1671 mancipium
365 1616 389 1656 et
408 1609 556 1656 aestimatione
572 1616 597 1655 et
616 1623 666 1661 uni,
685 1608 709 1653 in
728 1608 802 1670 pretio

127 1682 176 1720 esse
182 1690 190 1731 ;
207 1680 237 1727 et,
255 1676 315 1735 quod
326 1674 472 1721 ministerium
486 1674 573 1728 fuerat*
584 1688 619 1721 arc
630 1674 705 1720 haberi
715 1679 797 1734 coepta.

127 1738 176 1784 Vix
195 1746 270 1785 tamen
289 1739 332 1794 im,
356 1754 409 1800 quoe
427 1747 476 1786 tum
495 1739 693 1803 conspiciebontur‚
714 1738 800 1785 semina

125 1803 283 1851 ctantfirturae
292 1805 395 1851 luxuriae.
430 1826 431 1831 ¹
487 1830 491 1835 -
509 1823 521 1835 ··

133 1888 148 1906 ··
159 1867 219 1915 VII.
239 1866 268 1915 In
283 1870 395 1932 triumpho
411 1868 462 1917 tulit
473 1866 519 1917 Cn.
532 1869 634 1916 Manlius
649 1882 744 1915 coronae
759 1882 799 1914 au·

126 1948 175 1981 reas
194 1934 301 1982 ducentes
320 1935 436 1982 duodecim
455 1934 543 1997 pondo:
563 1933 741 1996 argentipondo
758 1932 800 1979 du-

127 2006 192 2046 centa
210 2000 293 2062 viginti
309 2000 390 2048 millia:
410 2001 457 2047 euri
473 1999 550 2062 pondo
565 2000 609 2045 duo
624 1999 693 2045 millia
707 2004 798 2045 centnm

126 2064 181 2111 tria:
201 2065 389 2112 tetradraobmrlm
400 2064 503 2113 Atticum
519 2072 609 2112 centum
619 2064 700 2127 viginti
711 2069 798 2124 reptem

124 2129 207 2177 millia:
230 2130 381 2192 cistophoruim
401 2130 498 2177 ducenta
515 2129 688 2191 quinquaginta:
712 2126 799 2190 Philip·

124 2210 218 2257 peorum
227 2210 344 2242 aureorum
352 2210 496 2242 nummorum
505 2196 600 2242 sedecim
608 2194 678 2241 millia
684 2199 798 2241 trecentos

124 2260 218 2321 viginti:
238 2267 261 2307 et
280 2276 341 2307 arma
359 2262 473 2323 spoliaque
489 2260 559 2306 multa
576 2259 670 2314 Gallica,
687 2258 799 2321 carpentis

124 2332 264 2373 transvecta:
284 2326 352 2372 duces
366 2327 463 2372 hostium
474 2325 520 2371 duo
530 2333 554 2372 et
563 2322 727 2387 quinquaginta
737 2322 799 2370 ducti

124 2396 177 2436 ante
192 2406 288 2437 currum.
324 2390 435 2437 Militibus
450 2390 605 2453 quadragenos
618 2391 683 2436 binos
694 2388 798 2437 denario!

124 2454 206 2509 divicit,
224 2456 306 2517 duplex
322 2455 461 2513 centurioni;
482 2462 506 2502 et
521 2454 654 2517 stipendium
671 2453 754 2515 duplex
772 2453 798 2499 in

124 2520 209 2580 pedites
223 2519 290 2574 dedit,
307 2519 389 2581 triplex
399 2521 422 2565 in
433 2520 527 2581 equites.
562 2519 634 2567 Multi
647 2518 748 2566 omnium
759 2534 797 2564 or-

125 2584 209 2637 dinum,
227 2584 303 2631 donati
314 2583 443 2633 militaribus
455 2582 529 2640 donia,
544 2598 634 2631 curmm
646 2584 716 2631 secuti
726 2585 793 2629 aurit:

125 2648 267 2711 cannineque
282 2664 297 2698 a
313 2647 500 2699 nucimento
515 2650 671 2713 imperatorem
686 2646 752 2703 dieta,
769 2652 797 2694 ut
