1892 2909
184 110 234 167 364
296 103 427 152 T.1.1vn
444 104 497 151 Las.
512 103 606 151 XLIV.
626 103 685 153 Car.
702 104 738 151 15.

185 242 274 295 tempus
290 249 315 280 se
330 248 382 280 cum
398 232 509 280 Romanis
526 234 620 286 stetisse,
638 240 668 287 et,
685 233 758 293 quoad
769 234 853 281 hedum
869 248 874 253 ·
939 220 940 247 ἶ

183 298 251 352 foret,
263 306 380 345 statumm.
393 297 524 351 .Caeterum,
536 312 587 343 curn
599 298 627 343 ad
637 313 661 345 sc
669 313 683 344 a
691 296 853 361 Perseoiegati

184 364 300 410 venissent
310 364 338 409 de
347 363 444 409 finiendo
454 378 506 409 cum
518 362 627 409 Romanis
637 362 702 415 bello,
717 370 740 409 et
749 363 778 409 iis
787 364 854 425 polli-

184 427 255 474 citum
269 429 433 491 deprecatorem
448 428 507 489 apud
522 434 623 473 senatum
636 426 751 484 futurum3
768 436 852 489 petere,

184 493 204 538 si
220 504 313 554 possent
328 494 433 539 inducere
448 494 472 537 in
489 493 594 545 animum,
612 498 638 538 ut
653 492 731 537 finiant
745 492 810 546 iram,
829 508 854 539 se

183 572 273 618 qnoque
284 555 399 620 [ingratiis
407 558 555 603 reconciliatae
562 557 622 617 pacis
628 571 694 617 posse
701 556 774 621 uti.”]
791 557 853 603 Haec

184 623 241 684 regii
251 623 327 685 legati.
352 622 443 674 Rhodii,
455 623 548 683 superbe
559 621 737 668 commemoratis
747 636 803 683 erga
812 637 854 682 po-

184 686 263 748 prdum
273 686 403 733 Romanum
413 686 533 738 beneficiis,
549 693 572 732 et
582 700 646 747 paene
656 686 765 739 victorie,
776 687 855 747 utique
939 692 940 741 j

184 750 214 796 de
226 751 339 797 Antiocho
349 766 410 812 rege,
422 753 507 812 majore
517 757 579 812 parte
589 750 618 795 ad
629 766 653 797 se
662 749 781 803 mutuam,
793 751 855 812 adje-
939 776 940 815 p

184 823 277 862 cerunt:
300 814 389 863 “Cum
404 828 449 876 pax
458 816 523 861 inter
539 814 677 861 Macedonas
692 815 855 875 Romanosque

184 887 252 933 esset,
269 879 309 925 sibi
322 880 440 926 amicitiam
450 895 504 925 cum
515 894 568 941 rege
579 879 663 925 Perseo
673 886 785 941 creptam:
804 894 854 925 earn

184 958 211 989 se
220 944 311 996 invitos,
328 945 390 990 nullo
405 945 453 1006 ejus
466 945 491 989 in
507 958 532 990 se
543 946 630 997 merito,
647 944 752 1004 quoniam
762 945 794 990 ita
804 944 854 991 Ro-

184 1007 258 1055 manis
275 1010 350 1055 visum
367 1010 395 1054 sit
411 1008 435 1053 in
451 1008 580 1055 societatem
597 1024 621 1055 se
636 1010 688 1055 belii
704 1010 799 1068 trainere,
819 1009 855 1054 in-

184 1073 312 1135 terrupisse.
330 1072 433 1120 Tertium
444 1088 469 1119 se
479 1086 562 1119 annum
574 1074 644 1119 multa
655 1075 703 1134 ejus
712 1074 855 1120 incommoda

184 1139 237 1184 belii
248 1139 343 1185 sentire:
362 1140 417 1184 mari
431 1138 559 1191 intercluso,
576 1136 650 1199 inopid
664 1138 759 1185 insulam
773 1138 854 1199 premi,

184 1204 272 1249 arnissis
293 1203 409 1249 maritimis
429 1202 576 1263 vectigalibus
598 1210 664 1261 atque
685 1203 852 1249 commeatibus.

186 1265 247 1315 Cum
257 1267 281 1314 id
290 1268 349 1313 ultra
358 1268 405 1328 pati
412 1281 459 1312 non
466 1274 565 1327 possent,
577 1266 664 1329 legatos
671 1267 726 1313 aiios
735 1268 762 1314 ad
771 1265 856 1315 Persea

175 1332 210 1377 ¹in
221 1332 378 1380 Macedoniam
389 1331 483 1384 misisse,
500 1331 537 1391 qui
551 1332 571 1377 ei
584 1331 747 1386 denuntiarent,
758 1331 856 1379 Rhodiis

183 1396 279 1458 pinsere,
298 1412 376 1459 pacem
392 1410 444 1443 eum
460 1410 595 1471 componere
611 1410 662 1441 cum
678 1396 805 1443 Romaiu
830 1412 857 1443 se

185 1460 285 1509 Romam
296 1462 373 1508 eadem
385 1460 510 1507 nuntiatum
521 1460 608 1507 missos
628 1458 674 1507 Per
684 1476 740 1522 quos
748 1461 854 1516 stetisset,

184 1528 231 1586 quo
241 1527 316 1572 minus
326 1526 377 1572 belii
387 1524 438 1571 finis
447 1522 518 1579 fieret,
535 1525 641 1571 adversus
656 1540 695 1572 eos
708 1524 761 1587 quid
771 1525 812 1572 sibi
821 1524 857 1572 sa-

184 1590 289 1637 dendum
307 1597 374 1644 esset,
394 1588 497 1636 Rhodios
516 1590 708 1637 consideraturos
706 1588 787 1637 esse.’'
816 1588 857 1637 Ne

185 1654 615 1716 nuncquidemhtecsineindignatione
622 1655 668 1717 legi
676 1655 855 1716 audiriveposse,

185 1725 272 1764 certum
283 1719 365 1765 habeo:
381 1718 434 1764 inde
444 1719 565 1765 existimari
573 1726 654 1780 potest,
666 1719 704 1780 qui
713 1720 800 1767 habitus
808 1719 857 1765 ani·

185 1796 274 1830 monim
285 1784 424 1829 audientibus
435 1798 462 1830 ea
473 1782 576 1830 Patribus
587 1784 660 1831 fuerit.

219 1846 277 1893 XV
291 1845 407 1902 Claudim,
416 1847 616 1910 nihssrespousum,
626 1854 753 1895 auctorest.
767 1853 859 1895 tantum

185 1911 289 1959 senatds-
290 1914 417 1959 canstdtum
435 1913 560 1966 recitatum,
581 1928 626 1975 quo
644 1912 715 1962 Caras
731 1919 754 1959 et
770 1911 858 1973 Lycios

185 1976 267 2024 iiberos
277 1992 326 2024 esse
336 1979 426 2040 juberet
438 1977 534 2039 populus
545 1976 670 2031 Romanus,
686 1978 805 2037 literaeque
815 1991 857 2023 ex

187 1994 858 2183 Qtdlduddtdurzmffinffllegddddddndddjdrtd'rrddd'dldd-

185 2171 301 2230 partiam
318 2172 359 2217 vix
378 2172 439 2217 curia
455 2172 523 2233 paulo
544 2179 596 2219 ante
617 2180 712 2235 ceperat,
735 2170 856 2217 corruisse⁴

188 2234 235 2280 Alii
247 2249 379 2311 reqionmm
393 2250 443 2282 esse
456 2237 581 2291 tradunt‘
583 2235 710 2298 Populum
725 2235 857 2283 Romanum
939 2272 940 2277 ,

185 2304 211 2344 et
220 2299 328 2361 principio
338 2302 404 2363 hnjm
414 2301 465 2347 beili
476 2301 535 2348 haud
545 2302 609 2349 vanis
619 2302 746 2349 auctoribus
755 2312 859 2361 comper-

185 2367 236 2407 tum
244 2362 353 2419 hsbrdsse,
361 2364 464 2413 Rhodios
470 2376 522 2412 cum
531 2365 615 2413 Perseo
623 2380 677 2429 rege
684 2364 790 2413 adversus
797 2378 860 2410 mm-

186 2424 375 2485 publicsmsmm
390 2429 672 2477 oocsdtaconsiliainisse:
692 2436 722 2484 st,
737 2429 861 2475 siidante
939 2422 940 2429 ’

186 2489 278 2535 dubiam
288 2490 373 2546 issima,
385 2493 511 2555 icgntomm
520 2494 587 2571 paulo
598 2502 651 2541 ante
660 2496 728 2541 verba
735 2490 763 2541 ud
771 2500 861 2540 certum

187 2553 313 2615 redegisse.
336 2561 360 2603 et
373 2557 526 2619 pierumque·
518 2572 590 2621 rpssm
606 2574 631 2605 se
646 2558 754 2612 fraudent,
770 2558 862 2604 etiarnsi

188 2615 429 2679 initiocautiortuerit,
441 2623 554 2687 despero
576 2618 863 2724 Rhodiosnuntioinorbe
