1892 2909
108 138 111 154 ·
172 124 204 167 84
270 182 277 192 ἱ
301 118 503 167 T.L1VIIL1a.
518 118 572 166 xl.
592 117 704 168 Osatb.

170 248 297 295 simulatum
313 256 370 306 esta
381 249 409 296 sd
424 249 485 310 quod
498 248 651 295 celebrandum
664 238 771 296 inritatus
786 248 843 299 Do.

172 314 264 359 metrius
280 315 308 359 ab
323 314 414 360 Astraeo
432 312 566 359 Heracleam
581 313 650 360 venit
685 312 714 359 In
729 310 757 360 esi
770 314 842 362 eoent

171 377 382 431 diciturrenenum
400 378 483 423 datum.
524 377 614 423 Poculo'
628 384 701 439 epoto,
723 380 843 440 extemplo

171 442 256 487 sensit:
281 449 304 488 et
322 457 377 488 mox
395 442 477 488 coortis
493 442 611 494 doloribus,
632 442 708 487 relicto
723 443 840 497 convivio,

172 521 223 551 cum
234 507 257 551 in
268 507 392 557 cubiculum
403 508 522 567 recepisset
532 517 588 558 sese,
603 506 753 552 crudelitatem
768 508 843 567 patris

171 585 316 633 conquerens,
329 571 467 632 parricidium
479 570 558 623 fratris,
574 585 600 615 ac
610 569 681 616 Didae
691 572 762 617 scelus
772 572 842 617 incu-

171 649 231 687 sans,
242 636 390 696 torquebatur.
419 634 544 681 Intromissi
555 633 634 680 ddnde
643 633 737 695 Thyrsis
747 636 841 695 quidam

173 699 301 745 Stuberaeus
312 705 336 744 et
345 698 461 746 Beroeaeus
476 698 612 751 Alexander,
628 699 715 759 injectis
728 700 843 760 tapetibus

171 762 195 807 in
206 770 272 823 caput
281 762 407 823 faucesque,
423 764 524 824 spiritum
537 763 715 809 intercluserunt.
750 762 787 809 Ita
801 764 841 809 in-

171 827 252 889 noxius
263 827 398 880 adolescens,
413 843 464 873 curn
479 828 502 873 in
517 842 544 873 eo
555 841 584 872 ne
594 827 687 888 simplici
697 827 784 888 qsddcm
792 830 842 890 'ge-

171 904 225 936 nere
235 892 313 937 mortis
324 892 423 937 contenti
433 892 516 937 inimici
525 890 626 945 fuissent,
638 892 774 937 interficitur.
827 910 830 915 ·

205 954 288 1001 XXV.
307 954 372 1001 Dum
383 956 431 1002 haec
442 957 465 1001 in
476 953 610 1002 Macedonid
621 958 737 1017 geruntur,
753 955 782 1002 L.
792 956 840 1003 AE-

172 1018 245 1063 milius
257 1012 354 1073 Paulus„
362 1026 484 1082 prorogato
497 1035 526 1066 ex
536 1020 651 1066 consulatu
662 1020 761 1082 irnperio,
776 1021 842 1083 prin-

171 1084 229 1143 cipio
239 1085 298 1130 veris
309 1085 331 1129 in
341 1084 437 1147 Ligures
449 1084 564 1147 Ingaunos
574 1085 696 1145 errantum
705 1085 839 1133 introdrnrit.

174 1146 220 1193 Ubi
233 1148 329 1209 primum
343 1149 366 1195 in
381 1150 479 1195 bostium
492 1148 573 1194 finibus
587 1157 659 1195 castra
672 1151 753 1209 posuit,
770 1150 842 1212 legati

172 1212 201 1257 ad
209 1227 267 1266 eum,
278 1229 318 1274 per
326 1214 421 1275 speciem
431 1214 492 1275 pacis
501 1212 610 1274 petendae,
623 1214 759 1274 speciatum
768 1228 842 1261 veae·

173 1283 232 1322 runt,
267 1276 374 1340 Negsnte
393 1277 471 1331 Paulo,
491 1278 534 1323 nisi
552 1292 604 1323 cnm
623 1278 702 1323 deditis
716 1278 798 1339 pacisci
815 1294 841 1326 se

171 1355 256 1401 pacem,
274 1356 320 1387 non
334 1349 379 1389 tam
395 1342 418 1387 id
434 1343 570 1394 recusabant,
587 1356 654 1401 quam
667 1349 769 1403 tempore
782 1357 841 1404 opas

172 1420 222 1451 esse
232 1406 324 1460 aiebant,
341 1412 365 1452 ut
379 1406 456 1467 generi
471 1406 554 1467 agresti
568 1406 684 1451 hominurn
696 1403 842 1468 persuidere-

172 1475 215 1515 tur.
251 1470 289 1516 Ad
304 1472 346 1517 hoc
361 1471 437 1517 decem
452 1471 537 1516 diemrn
549 1470 644 1516 induciae
658 1485 710 1516 cnm
724 1471 838 1525 ducatum

171 1534 283 1594 petierunt
299 1534 384 1588 deinde,
405 1549 434 1581 ne
448 1541 511 1581 trans
526 1540 614 1580 montes
629 1535 744 1595 proximos
759 1536 840 1583 enanis

171 1599 299 1659 pabulatum
314 1599 468 1660 lignatumque
484 1598 566 1645 milites
581 1599 650 1643 irent:
672 1599 733 1645 culta
747 1613 775 1645 es
789 1599 841 1647 loos

171 1676 262 1707 suorum
279 1662 356 1709 finium
373 1678 428 1709 esse.
464 1660 493 1707 Id
509 1662 545 1708 ubi
560 1660 712 1723 impetravere,
730 1670 783 1723 post
797 1669 840 1710 cos

171 1725 231 1787 ipsos
242 1734 337 1779 montes,
351 1726 411 1772 unde
421 1733 546 1773 averterant
556 1727 651 1779 hostem,
666 1728 767 1772 exercitu
777 1728 840 1774 omni

168 1794 256 1843 'cosma
273 1797 364 1851 repente
379 1790 521 1836 multitudine
535 1790 622 1851 ingenti
635 1797 708 1837 castra
721 1791 841 1838 Romano-

171 1854 647 1980 tiltpttltirtllpfflit
652 1863 841 1966 riiileldf'.

171 1983 233 2028 rendi
244 1982 332 2043 quidem
348 1984 412 2047 signa
426 1983 538 2029 Romanis
591 1982 654 2035 tium,
671 1996 712 2028 nec
726 1983 754 2029 ad
767 1983 840 2044 expli-

172 2047 265 2094 candam
279 2048 357 2102 aciem
374 2049 437 2094 locus
452 2056 518 2095 esset.
576 2045 689 2093 onfertiin
703 2047 781 2107 portis,
798 2048 841 2094 ob-

172 2113 251 2159 stando
269 2113 348 2174 magis,
371 2127 438 2173 quam
457 2110 585 2173 pugnando,
607 2119 680 2157 casua
700 2112 835 2158 tutabantur.

172 2176 219 2223 Sub
230 2191 333 2223 occasum
345 2177 397 2223 solis
408 2190 458 2223 cum
467 2176 610 2222 recessissent
617 2176 700 2227 hostes,
712 2175 768 2221 daos
775 2175 839 2235 «μί.

171 2248 206 2287 tes
222 2240 250 2286 ad
267 2239 311 2288 Cn.
325 2240 428 2287 Baebium
444 2239 600 2300 proconsulem
616 2254 667 2285 curn
685 2240 755 2285 literis
774 2238 840 2287 Pisas

171 2304 247 2357 mittit,
263 2311 288 2351 ut
299 2305 389 2353 obsesso
400 2305 440 2351 sibi
450 2320 490 2366 per
500 2304 600 2351 inducias
613 2304 775 2365 quamprimum
786 2305 841 2351 sab·

171 2368 234 2414 sidio-
243 2370 336 2415 veniret.
371 2369 462 2416 Baebius
478 2369 600 2415 exercitum
620 2367 656 2414 Μ.
671 2366 762 2414 Pinario
779 2382 839 2428 prte—

170 2432 221 2485 tori,
236 2434 298 2479 eunti
308 2434 332 2478 in
344 2434 474 2486 Sardiniam,
490 2433 622 2479 tradiderat:
640 2438 754 2485 caeterum,
769 2439 794 2479 et
803 2446 841 2479 aa·

171 2502 248 2542 netum
258 2497 328 2543 literis
339 2498 455 2545 certiorem
465 2496 525 2551 fecit,
541 2496 635 2543 obsideri
649 2512 663 2544 a
674 2494 795 2558 liguribus
805 2494 837 2543 L.

171 2560 305 2617 AEmilium;
325 2569 348 2609 et
364 2562 401 2608 M.
414 2561 509 2610 Claudio
524 2562 642 2614 Marcello,
659 2562 723 2623 cnjus
737 2561 841 2623 proxima

170 2623 222 2672 inde
232 2626 346 2687 provincis
356 2634 410 2683 eret,
426 2626 521 2689 scripsit,
536 2633 569 2683 ut,
585 2626 604 2674 si
614 2626 726 2675 videreta
735 2626 763 2682 ei,
775 2629 841 2673 eser·
