1892 2909
231 92 262 162 ’Σὲ
276 101 364 152 LIVII
380 102 434 158 Lu·
453 103 613 159 mecm.
626 107 666 152 sl.
742 109 792 155 ³89

118 243 180 293 flues
186 230 259 293 aliqui
267 242 330 296 parte
340 235 437 297 suspicio
446 233 531 285 favoris
538 236 562 282 in
570 250 648 298 men
655 233 790 297 contigerat.

119 295 176 352 Tria
185 313 269 359 genera
276 300 401 362 principum
409 300 432 346 in
441 301 567 348 civitatibus
577 308 655 348 eram:
674 301 726 353 duo,
738 315 792 360 qun

118 361 229 412 adulando
245 373 283 412 aut
300 364 455 412 Romanorum
472 367 597 428 imperium,
616 373 656 414 aut
669 365 790 412 amicitiam

118 442 207 490 regum,
220 429 260 476 sibi
271 430 374 492 privatim
385 445 439 492 opes
454 432 565 492 oppressis
574 430 684 478 faciebmt
695 431 792 476 cisimti·

118 491 177 543 bus:
196 493 294 541 medium
306 509 383 548 unum,
397 496 487 556 utrique
498 496 576 557 generi
587 496 713 549 adversum,
724 495 791 542 liber·

119 564 190 604 tatem
201 567 225 605 et
234 560 297 621 leges
307 560 417 606 tuebatur.
453 559 500 606 His
511 568 537 608 ut
547 560 684 623 majorspud
692 575 745 607 suos
753 574 791 606 ca·

119 622 181 676 rios,
194 623 225 670 ita
235 625 309 670 minor
319 624 378 686 apud
388 632 494 672 externos
510 626 583 688 gratie
599 633 654 671 erat.
681 624 792 672 Secundis

120 687 186 744 ,rebus
197 689 250 736 elati
260 689 425 744 Romanorum,
437 691 506 751 partis
520 692 569 751 ejus
578 690 679 737 fautores
689 690 731 735 soli
741 696 791 735 tum

117 751 143 802 in
155 753 328 815 magistratibus,
339 755 380 801 soli
390 754 414 800 in
424 755 573 818 legatiw'bus
586 763 657 802 erant.
693 753 728 800 Hi
738 768 791 800 cum

117 815 246 878 ‚frequentes
263 825 286 866 et
302 833 331 866 ex
343 818 507 881 Peloponneso,
525 828 548 868 et
563 835 593 867 ex
603 816 701 872 Boeoh'i,
719 826 743 864 et
760 832 791 864 οι

118 882 168 930 aliis
175 883 274 931 Graeciae
282 885 382 932 conciliis
389 885 500 939 adessent,
510 882 705 946 impleremus·
713 883 791 930 decem

119 946 261 1008 legatorum:
281 956 297 978 ‘⁴
309 947 365 996 Non
376 965 416 996 eos
426 957 522 1002 tantum,
534 951 572 1010 qui
583 965 608 996 se
620 949 734 1011 propalam
749 962 791 1009 per

105 1055 107 1063 ,
120 1011 378 1074 vanitatemjrertssent,
388 1021 501 1075 tamquam
507 1015 606 1076 hospites
614 1015 727 1061 etamicos
735 1012 793 1061 Per·

120 1075 161 1129 sei,
172 1076 211 1122 sed
219 1078 290 1152 multo
299 1078 373 1140 plures
381 1079 436 1126 alios
444 1094 473 1128 ex
482 1078 571 1126 occulto
578 1079 673 1126 favisse:
686 1079 791 1138 reliquos,

119 1144 550 1256 difflmilllihldhl
555 1143 669 1256 ,iffi
675 1143 793 1253 dm

118 1270 143 1318 iu
161 1270 204 1321 lide
219 1280 307 1334 gentes,
326 1273 376 1327 nisi,
396 1272 472 1320 fractis
487 1273 568 1320 animis
581 1272 684 1334 partium,
697 1272 794 1317 aleretur

119 1335 333 1398 confirmareturque
349 1338 469 1384 auctoritas
485 1351 571 1391 eorum,
587 1338 625 1398 qui
639 1337 695 1382 nihil
711 1343 795 1398 praeter

120 1398 239 1461 imperium
255 1402 411 1450 Romanorum
431 1400 584 1464 spectarent.”
618 1401 656 1448 Ab
675 1402 710 1448 his
728 1400 795 1447 editis

122 1465 257 1520 nominibus,
267 1467 355 1516 evocati
362 1467 432 1514 literis
437 1464 714 1530 imperatorisexAEtolld,
722 1465 796 1513 Acar·

73 1535 74 1540 ,
121 1528 238 1642 fflffi
251 1539 274 1578 et
280 1531 392 1643 Epirotpt
400 1531 546 1644 Bmoffihqui
555 1531 654 1644 Romarp
653 1531 794 1656 ἓξὲξ

330 1612 358 1643 en
385 1613 408 1644 r:
428 1613 451 1643 m
782 1621 795 1633 -

121 1665 196 1707 torum
208 1611 408 1724 numshddeprofecti
421 1661 473 1716 duo,
487 1612 638 1711 Gabulldudixus
648 1669 673 1708 et
683 1660 729 1710 cn.
741 1658 795 1706 Do·

121 1725 206 1779 mitius,
218 1733 244 1772 ut
254 1727 297 1787 ipsi
308 1727 383 1775 edicto
392 1735 520 1774 evocarent.
551 1725 580 1774 Id
590 1727 675 1774 dusbus
686 1726 714 1773 de
721 1725 796 1772 causis

121 1787 219 1836 factum:
240 1789 291 1844 und,
309 1791 370 1852 quod
386 1791 474 1838 fiduciae
490 1792 541 1853 plus
559 1792 730 1852 animorumque
744 1803 796 1836 esse

120 1854 213 1910 Achaele
224 1856 252 1902 ad
260 1870 306 1902 non
317 1856 439 1918 parendum
448 1857 574 1910 credebant,
586 1864 610 1903 et
618 1856 714 1904 forsitan
725 1855 793 1901 etiam

118 1919 143 1969 in
154 1920 252 1982 periculo
263 1919 312 1968 lore
321 1919 464 1970 Callicratem
475 1932 499 1969 et
507 1930 602 1968 caeteros
609 1921 728 1973 criminum
740 1933 796 1966 auc·

120 1991 182 2035 tores
197 1986 366 2046 delatoresque3
383 1984 459 2040 alterd,
472 1995 513 2032 eur
525 1994 649 2047 praesentes
665 1989 793 2036 evoment,

123 2065 190 2098 causa
200 2059 255 2105 erat,
273 2052 333 2112 quod
349 2065 379 2096 ex
396 2052 444 2098 aliis
457 2053 563 2112 gentihus
575 2051 701 2112 principum
712 2050 797 2101 literas,

124 2115 273 2176 deprehensas
296 2117 319 2162 iu
341 2117 508 2164 commentariis
530 2116 605 2178 regiis,
628 2116 751 2171 habebant3
773 2113 798 2160 iu

123 2179 219 2226 Achaeis
231 2195 316 2228 caecum
328 2194 376 2228 eret
392 2181 484 2234 crimen,
503 2181 570 2227 nullis
584 2195 663 2227 eorum
678 2179 749 2226 literis
762 2177 799 2223 in·

123 2245 205 2291 ventis.
236 2245 321 2292 AEtolis
332 2246 437 2300 dimissis,
450 2245 596 2292 Acarnanum
607 2246 675 2292 citata
684 2257 756 2305 gens:
774 2243 799 2288 in

125 2309 161 2358 his
172 2310 228 2356 nihil
238 2319 353 2365 novatum,
366 2311 409 2356 nisi
420 2312 481 2372 quod
489 2310 578 2357 Leucas
586 2318 675 2356 exemta
683 2316 718 2356 est
726 2308 800 2354 Acar·

126 2389 210 2422 nanum
231 2376 333 2422 concilio.
370 2375 501 2429 Quaerendo
516 2375 595 2422 deinde
611 2376 686 2428 latius,
701 2374 741 2434 qui
757 2387 801 2434 pu-
896 2428 902 2441 ι

125 2441 182 2487 blice
189 2446 229 2487 aut
235 2441 339 2502 privatim
344 2441 441 2504 partium
450 2441 511 2503 regis
517 2440 620 2494 luissent,
627 2441 651 2486 in
656 2439 735 2486 Asiam
742 2452 801 2499 quo-

124 2521 169 2568 que
180 2506 333 2567 coguitionem
344 2503 481 2554 extendere:
499 2513 522 2552 et
532 2506 561 2552 ad
571 2506 680 2552 Autissan
688 2504 712 2550 in
724 2501 800 2550 Lesbo

127 2568 201 2620 insult
219 2570 357 2626 diruendam,
377 2571 527 2618 traducendos
543 2571 705 2632 Methymnam
719 2567 801 2614 Antia·

124 2651 191 2692 snos,
203 2633 334 2686 Labeonem
340 2635 452 2711 miserunt
457 2654 468 2698 3
479 2635 542 2697 quod
550 2635 698 2690 Antenorem,
710 2633 808 2695 regium
