1892 2909
228 127 262 180 T:
275 129 363 181 mvn
380 127 437 178 ms'
447 125 528 180 XLV.
548 128 609 180 Can
623 133 662 179 25.
729 135 783 182 ¹881

116 275 202 311 sumus·
234 259 338 310 Priorum
356 267 484 324 nostrorum
500 260 667 309 benetsotomm
683 264 787 312 cmnuluo

115 329 168 381 hoc,
180 327 239 388 quod
250 342 311 374 nunc
318 333 429 374 cessatum
437 325 461 372 in
472 327 546 372 ollicio
557 334 598 380 est,
610 327 705 388 expleat.
726 327 787 377 com

115 393 188 439 trtius
201 393 290 454 regibus
304 391 477 454 gessistiobella
490 407 531 453 per
540 392 583 438 hos
593 405 678 438 annos:
697 407 727 439 ne
736 394 788 455 plus

116 457 176 504 obsit
186 459 258 511 nobis,
275 457 336 518 quod
351 471 397 502 uno
411 456 469 502 bello
485 457 628 507 cessavimus,
645 473 712 518 quam
727 459 788 519 quod

116 522 205 570 duobus
215 522 278 569 bellis
285 537 326 584 pro
335 522 398 568 vobis
408 520 565 582 pugnavimus.
587 519 724 584 Philippum,
736 525 788 571 An·
851 568 856 578 „

115 587 224 646 tiochum,
244 586 333 640 Persea,
354 594 467 647 tamquam
484 593 531 632 tres
547 588 674 641 sementim,
695 588 785 648 ponite:

116 652 169 698 duae
185 666 227 698 nos
243 651 374 699 absolvunt:
400 665 445 697 una
460 650 526 697 dubia
541 658 583 703 est,
601 658 626 697 ut
641 652 732 713 gratim
748 654 786 699 sit.

116 707 155 764 Illi
167 717 195 763 de
205 717 269 763 nobis
280 717 298 763 si
306 716 440 779 judicarent,
456 715 554 762 damnati
564 731 677 762 essemus:
696 733 738 763 vos
748 718 788 779 ju·

116 781 198 836 dicate,
212 780 291 828 Patres
302 781 428 843 conscripti,
442 781 470 827 sit
478 779 574 826 Rhodus
581 781 605 826 in
614 781 685 834 terris,
698 797 727 828 an
734 781 788 829 fun-

116 847 178 893 ditus
188 845 294 893 deleatur.
319 845 375 892 Non
386 847 445 892 enim
457 846 485 892 de
494 845 694 900 bello'delrieratis,
708 846 788 895 Patres

117 912 246 972 conscripti,
258 910 318 972 quod
328 910 410 957 inferre
419 910 519 972 potestis,
533 925 612 972 gerere
622 925 668 956 non
679 913 773 974 potestis
779 930 788 972 3

117 991 171 1022 cum
182 989 249 1021 nemo
262 975 402 1022 Rhodiorum
413 990 475 1022 arma
485 974 591 1022 adversus
601 991 642 1022 vos
652 977 738 1034 laturus
749 978 785 1024 sit.

119 1039 146 1087 si
156 1039 324 1100 perseverabitis
334 1040 358 1086 in
368 1037 407 1094 ira,
424 1047 512 1102 ternpus
523 1055 537 1086 a
548 1041 609 1087 vobis
619 1048 728 1102 petemus,
743 1058 788 1103 quo

118 1105 178 1151 hanc
187 1103 299 1151 funestam
309 1105 444 1166 legationem
456 1105 547 1151 domum
559 1104 694 1153 referamus:
714 1108 789 1156 omnis

117 1169 187 1217 libera
197 1170 277 1232 capita,
292 1169 399 1230 quidquid
414 1169 555 1217 Rhodiorum
570 1170 678 1224 virorum,
692 1169 788 1233 semina-

117 1249 169 1282 rum
180 1242 222 1289 est,
239 1251 290 1282 cunr
302 1235 363 1281 omni
373 1232 467 1297 pecuniis
482 1232 559 1281 nostrai
569 1249 638 1281 naves
652 1236 789 1283 conscende-

117 1315 184 1358 mus;
202 1315 235 1354 ac,
252 1300 334 1347 relictis
345 1300 461 1361 penatibus
473 1300 566 1361 publicis
580 1300 722 1361 privatisque,
737 1299 788 1347 Ro-

118 1379 180 1411 mam
190 1365 319 1412 veniemus:
339 1371 369 1418 et,
386 1365 447 1410 omni
458 1380 513 1411 auro
527 1371 551 1410 et
564 1372 665 1425 argento,
682 1364 788 1427 quidquid

117 1429 208 1492 publici,
224 1429 329 1490 quidquid
339 1430 419 1491 privati
430 1438 471 1483 est,
488 1430 511 1475 in
526 1429 624 1482 comitio,
639 1430 664 1475 in
679 1431 788 1477 vestibulo

118 1494 188 1541 eurise
199 1499 288 1548 uestrae,
300 1493 421 1548 cumulato,
433 1509 527 1556 corpora
537 1501 613 1540 nosua
623 1495 790 1556 conjugumque

117 1573 145 1606 sc
151 1559 271 1606 liberorum
279 1565 360 1606 vestroe
367 1560 472 1621 potestati
478 1559 640 1621 permittemus,
650 1560 686 1605 hic
693 1560 786 1621 passuri,

119 1624 276 1685 quodcumque
285 1625 413 1686 patiendum
424 1625 480 1671 erit:
498 1624 577 1687 procul
587 1625 615 1670 ab
624 1625 696 1671 oculis
706 1626 789 1674 nostris

118 1690 172 1735 urbs
188 1695 265 1736 nostra
281 1690 401 1752 diripiatur,
418 1689 556 1736 incendatur.
584 1688 671 1736 Hostes
685 1689 789 1738 Rhodios

119 1769 176 1808 esse,
190 1753 287 1800 Romani
294 1755 395 1816 judicare
404 1761 511 1816 possunt:
528 1761 563 1800 est
571 1761 646 1800 tamen
654 1762 677 1800 ct
686 1764 788 1802 nostrum

118 1819 210 1880 aliquod
220 1819 248 1865 de
259 1820 321 1865 nobis
328 1819 444 1882 judicium,
460 1835 506 1880 quo
517 1833 630 1880 nunquam
640 1820 789 1881 judicabimus

118 1899 162 1931 nos
176 1891 264 1932 vestros
278 1885 367 1931 hostes:
390 1898 432 1930 nec
447 1884 565 1945 quidquam
581 1883 669 1939 hostile,
687 1886 755 1932 etiam
770 1886 789 1932 si

119 1949 195 1996 omnis
234 1949 321 2004 tiemur,
333 1946 467 1996 faciemus-’⁹

152 2013 204 2060 XX
230 2046 236 2059 .
253 2013 381 2061 Secundum
390 2014 457 2060 talem
465 2014 596 2068 emtionem,
606 2014 704 2061 universi
712 2030 789 2063 rursus

118 2079 269 2142 prociderunt,
286 2094 403 2140 ramosque
416 2079 472 2126 oleae
483 2079 593 2142 supplices
602 2080 722 2141 jactantes,
738 2087 790 2126 tan·

120 2143 171 2190 dern
182 2143 279 2198 excitati,
295 2142 357 2191 curii
369 2152 520 2190 excesserunt
548 2143 615 2190 Tunc
626 2145 743 2191 sententiae
754 2145 789 2190 in·

120 2208 229 2269 tetrogari
240 2216 329 2270 coeptae.
348 2207 490 2255 Infestissimi
499 2208 594 2255 Rhodiis
602 2217 672 2263 erant,
684 2210 723 2271 qui
734 2225 790 2256 oon-

120 2272 180 2320 sules
196 2280 332 2333 pretoresve
348 2282 387 2320 aut
401 2274 470 2335 legati
485 2281 602 2336 gesserant
615 2274 639 2320 in
654 2272 790 2322 Macedonii

80 2373 86 2388 ,
119 2337 209 2384 bellum.
221 2335 353 2385 *Plurimum
366 2353 455 2385 osumm
466 2354 544 2385 eorum
555 2339 640 2402 adjuvit
647 2339 684 2386 Μ.
695 2338 790 2386 Porcius

120 2399 195 2460 Csto;
209 2403 254 2462 qui,
266 2417 332 2464 asper
341 2404 440 2466 ingenio,
452 2411 501 2450 tum
511 2405 586 2451 lenem
594 2405 716 2465 mitemque
725 2419 790 2451 seua-

119 2473 191 2514 torem
209 2467 263 2528 egit
293 2467 349 2514 Non
365 2469 461 2518 inseram
478 2469 621 2516 simulacrum
637 2469 680 2516 viri
696 2469 789 2531 copiosi,

119 2547 171 2592 quae
185 2531 272 2586 dixerit,
289 2532 418 2581 referendo:
440 2533 510 2596 ipsius
525 2535 596 2581 oratio
612 2535 693 2597 scripta
707 2541 789 2588 exstat,
868 2561 873 2569 -

119 2596 240 2659 Originum
256 2599 335 2660 quinto
350 2599 406 2645 libro
422 2599 515 2646 inclusa.
542 2599 639 2646 Rhodiis
657 2614 790 2661 reponsum

115 2662 271 2712 its'redditum
281 2671 323 2721 sat,
340 2671 366 2713 ut
375 2665 506 2714 nechostes
519 2663 607 2721 fierent,
622 2680 665 2712 nec
675 2665 730 2712 socii
740 2679 791 2726 per·
