1892 2909
148 110 180 154 90
279 101 308 149 Τ.
322 100 411 149 LIVII
424 100 480 149 Ins.
494 100 550 149 XL.
570 101 630 151 Cer.
643 104 683 147 82.

149 226 270 285 motumm,
283 229 312 277 L.
322 230 421 277 Acilium
432 246 484 277 eum
495 229 531 278 ali
540 230 629 278 sinistri
638 237 663 277 et
672 242 713 277 sex
720 229 820 278 millibus
906 206 910 211 Ι

148 296 316 361 provinciaiium
324 296 456 343 auxiliorum
464 296 581 343 circumire
588 302 688 342 montem
694 296 766 357 jubet,
777 297 821 355 qui

150 364 177 409 ab
188 369 252 423 tergo
263 361 362 407 hostibus
373 367 435 417 erat;
451 360 510 414 inde,
526 361 563 417 ubi
577 361 696 407 clamorem
710 360 819 416 audisset,

150 428 266 473 decurrere
276 426 304 471 ad
314 433 386 471 eastra
396 440 480 471 eorum.
516 424 592 471 Nocte
604 425 699 487 profecti
714 432 773 478 sunt,
789 441 823 473 ne

149 498 242 554 possent
252 490 356 551 conspici.
384 489 479 537 Flaccus
488 490 538 535 luce
548 488 620 551 primi
631 488 659 538 C.
669 490 819 545 Scribonium,

112 602 115 610 ,
150 555 280 619 praefectum
292 554 383 607 sociiim,
400 554 428 601 ad
439 554 523 601 vallum
537 554 634 600 hostiurn
645 569 697 600 cum
707 555 822 615 equitibus

151 620 328 667 extraordinariis
343 618 438 664 sinistra
453 620 495 665 aiae
507 619 590 677 mittit;
606 634 663 679 quos
676 619 714 665 ubi
728 626 752 664 et
765 634 823 680 pro-

150 686 201 747 pius
211 685 322 737 accedere,
337 690 361 729 et
374 684 456 745 plures,
472 698 539 743 quam
554 684 613 729 soliti
625 690 696 737 erant,
712 682 823 731 Celtiberi

151 754 321 810 conspexerunt,
329 748 401 793 omnis
408 748 518 809 equitatus
524 746 738 795 effunditureastris:
752 749 823 799 simiel

151 821 175 859 et
185 813 293 874 peditibus
304 812 393 873 signum
404 811 432 859 ad
443 812 569 859 exeundum
582 812 653 859 datur.
681 813 821 868 Scribonius,

152 878 184 924 uti
191 882 325 938 praeceptum
332 883 385 930 erat,
393 877 429 922 ubi
435 878 532 938 primum
537 876 651 923 sternitum
658 875 821 943 [equestrium]

151 941 241 993 audivit,
258 941 338 987 avertit
348 956 423 1000 equos,
440 948 464 989 et
474 948 546 988 castra
556 944 643 1003 repetit.
678 940 822 991 Eoeffirsius

152 1006 214 1065 aequi
230 1006 318 1052 hostes:
340 1006 411 1065 primo
428 1007 520 1067 equites,
536 1021 590 1052 mox
606 1013 630 1053 et
644 1006 744 1067 potinum
760 1008 822 1056 acies

151 1070 233 1123 aderat,
245 1069 303 1116 haud
314 1066 379 1115 dubii
389 1086 434 1132 spe,
447 1078 519 1117 castra
529 1085 556 1117 eo
565 1071 601 1117 die
608 1086 633 1117 se
640 1078 819 1133 oppugnatmos.

153 1134 296 1197 Quingentos
311 1150 395 1195 passus,
412 1150 457 1181 non
471 1136 528 1197 plus,
544 1136 626 1182 avallo
637 1137 736 1183 aberant.
770 1135 821 1185 Its-

152 1214 202 1259 que,
218 1199 254 1245 uhi
269 1198 363 1245 Flaccus
378 1201 431 1246 satis
445 1201 567 1246 abstractos
581 1216 621 1247 eos
631 1216 645 1247 a
654 1201 758 1262 praesidio
768 1217 821 1249 eas·

151 1270 236 1309 trorum
254 1278 345 1309 suorum
362 1271 422 1310 ratus
439 1271 480 1317 est,
497 1265 556 1311 iutra
571 1265 655 1311 vallum
668 1266 768 1313 exercito
781 1267 822 1312 in-

151 1334 243 1380 structo,
261 1328 330 1373 tribus
344 1328 441 1389 partibus
455 1328 521 1374 simui
536 1330 639 1390 erumpit,
657 1330 755 1377 clamore
770 1346 819 1379 non

151 1398 238 1438 tautum
254 1392 282 1437 ad
297 1392 397 1439 ardorem
413 1408 496 1454 pugnae
511 1394 651 1440 excitandum
666 1395 759 1449 sublato,
777 1398 820 1444 sed

151 1457 217 1504 etiam
229 1462 261 1509 ut,
272 1456 343 1515 quiin
355 1458 465 1503 montibus
476 1465 545 1511 erant,
557 1458 698 1505 exaudirent:
715 1474 757 1506 nec
765 1476 818 1507 mo-

151 1521 192 1567 rati
203 1526 262 1573 suut,
278 1521 331 1581 quin
342 1521 489 1574 decurrerent,
506 1524 564 1569 sicut
573 1523 704 1585 imperatum
715 1532 770 1579 erat,
786 1527 817 1573 ud

151 1592 234 1641 eastra;
250 1585 285 1631 ubi
296 1586 392 1646 quinque
403 1586 495 1632 millium
503 1594 645 1642 armatorum,
658 1603 704 1635 non
711 1590 816 1650 amplius,

151 1650 251 1695 relictum
262 1656 309 1694 erat
320 1650 459 1709 praesidium:
478 1666 535 1710 quos
550 1667 600 1698 cum
616 1661 639 1699 et
652 1655 751 1714 paucitas
765 1670 816 1710 sua,

150 1719 180 1763 et,
192 1713 309 1759 multitudo
328 1714 431 1767 hostium,
454 1722 478 1761 et
498 1716 618 1777 improvisa
636 1733 671 1764 res
689 1719 814 1775 terruisset,

149 1792 218 1839 prope
232 1777 280 1823 sine
294 1779 413 1829 certamine
427 1780 543 1841 capiuntur
558 1789 642 1829 maun:
661 1784 746 1836 castris,
762 1798 816 1844 qum

149 1856 200 1903 pars
216 1841 312 1888 maxime
327 1858 340 1889 a
353 1845 503 1905 pugnantibus
516 1847 614 1907 conspici
627 1853 720 1908 poterat,
730 1848 816 1910 ,injecit

150 1905 238 1953 Acilius
248 1906 331 1967 ignem.

181 1970 294 2018 XXXII.
311 1970 421 2019 Postremi
430 1971 599 2030 Celtiberorum,
608 1977 647 2037 qui
654 1977 678 2022 in
685 1978 732 2024 scie
739 1985 812 2033 erant,

117 2037 120 2043 '
147 2035 339 2097 primi-flammam
353 2036 502 2100 conspexere:
521 2040 600 2087 deinde
611 2056 651 2103 per
660 2048 730 2087 totam
740 2043 813 2089 aciem

147 2100 264 2162 vulgatum
275 2108 315 2156 est,
328 2108 399 2149 castra
409 2100 489 2150 amissa
499 2119 554 2159 esse,
566 2107 813 2156 ettumeummaxime

147 2166 230 2213 ardere.
264 2164 331 2213 Unde
341 2166 384 2213 iilis
394 2174 471 2222 terror,
483 2169 536 2215 inde
545 2169 655 2217 Romanis
664 2171 751 2217 animus
762 2188 812 2220 cre·

146 2229 187 2277 vit
204 2229 274 2279 ·Jam
285 2232 367 2277 clamor
379 2246 468 2279 suorum
481 2234 617 2281 ducentium
631 2235 749 2289 accidebat,
760 2238 811 2299 jam

145 2294 359 2342 ardentiahostium
378 2304 450 2343 castra
467 2300 606 2360 apparebant.
645 2298 752 2348 eetaueri
768 2317 811 2363 pa·

134 2368 135 2371 ’
146 2359 334 2420 rumperinoertis
344 2361 422 2407 animis
433 2360 533 2410 fluctuati
541 2371 612 2412 sunts.
620 2371 734 2420 ceterum,
746 2374 811 2428 post·

145 2436 211 2483 quarn
223 2430 322 2485 receptus
331 2425 402 2487 pulsis
412 2428 487 2474 nullus
496 2436 550 2484 erat,
565 2444 607 2477 nee
617 2444 718 2491 usquam,
731 2430 775 2477 nisi
784 2432 810 2479 ia

144 2487 271 2542 certamine,
284 2504 341 2551 spes,
353 2490 485 2551 pertinacius
495 2494 523 2541 de
530 2494 618 2558 integro
625 2502 743 2558 capessunt

83 2574 87 2581 ·
144 2562 204 2599 nam.
238 2552 296 2600 Acie
314 2554 385 2602 medii
403 2558 538 2619 urgebmnrr
555 2560 634 2607 acriter
652 2561 736 2620 aquia
774 2562 809 2608 is·

143 2614 224 2678 gioue:
236 2618 353 2674 adversus
371 2620 454 2670 murm
472 2638 549 2680 cornu,
568 2624 653 2686 inquo
669 2624 703 2673 sui
718 2626 808 2688 geneis
