1892 2909
257 117 288 175 'I'-
301 117 391 170 LIVII
405 118 460 169 Iun.
472 114 571 169 XLIII.
592 119 653 170 Car.
666 126 689 169 6.
765 124 811 169 mi

142 248 597 312 usemmisreipublieaeoausbobsit.
633 247 815 299 libiexMaoo-

68 373 75 379 ξ
142 313 210 364 donini
217 316 312 363 redisset
322 314 351 363 C·
363 313 529 371 Carnuntum,
542 316 561 363 si
572 332 646 363 eornm
657 332 709 363 eum
720 332 815 379 arguere

142 382 233 434 uellent,
251 379 343 443 cogniti
353 397 378 427 re
389 388 490 427 senatum
502 380 605 427 daturum
617 397 714 443 operam,
731 382 764 427 uti
780 396 816 429 ss-

143 445 239 497 tisfiatl'
272 446 324 493 Nee
335 446 462 508 responderi
473 452 561 492 tautum
572 446 600 493 iis
610 448 721 508 gentibus,
733 446 773 492 sed
783 446 817 493 le-

142 519 209 574 gatos
224 512 290 565 mitti,
308 511 365 557 duos
379 511 407 556 ad
418 510 521 583 regulum
532 518 594 557 trans
606 511 683 572 Alpes,
701 517 747 557 tres
757 510 817 559 oros

144 591 184 623 eos
194 576 288 637 populos
298 576 388 638 placuit,
406 576 444 636 qui
454 576 585 631 indicarent,
597 591 648 636 quae
661 574 754 622 Patrum
766 590 818 621 sen.

145 642 215 689 tentia
228 649 295 687 esset.
330 640 430 687 Munera
443 641 503 688 mitti
516 642 596 703 legatis
611 656 639 687 ex
653 641 710 687 binis
721 640 817 687 millibus

143 707 195 752 neris
213 712 361 754 censuerunt:
380 706 466 753 duobus
480 706 584 753 frutribus
598 706 681 768 regulis
696 705 744 751 haec
759 720 818 766 prae-

144 771 216 832 cipue,
234 779 326 831 torques
343 772 387 817 duo
404 773 548 832 exquirique
565 772 639 833 pondo
654 771 701 817 suri
715 770 776 824 iacti
794 777 818 817 et

143 852 199 883 nasa
213 844 320 897 argentea
333 836 431 897 quinque
441 843 471 882 eir
481 837 561 898 viginti
572 837 653 898 pondo,
671 844 694 883 et
707 836 751 881 duo
766 836 817 895 equi

143 902 252 963 phalerati
268 916 319 947 cum
337 902 479 962 agasonibus,
497 910 519 948 et
537 902 646 961 equestria
663 916 724 947 annu
739 915 765 946 ao
781 915 817 947 sa-

144 967 214 1027 gulo3
226 973 250 1012 et
260 966 377 1011 comitibus
385 982 463 1011 eornm
472 967 605 1013 vestimenta
612 967 685 1013 liberis
694 966 815 1027 servisque,

146 1028 208 1076 Haec
222 1030 305 1078 missa:
324 1030 362 1076 illa
376 1031 502 1092 petentibus
518 1032 575 1083 data,
594 1038 619 1077 ut
630 1031 737 1077 denorum
749 1045 819 1091 equo-

145 1110 196 1141 rum
207 1094 234 1141 iis
246 1095 404 1142 commercium
412 1102 479 1149 esset,
497 1096 649 1155 educendique
659 1107 688 1141 ex
699 1093 765 1141 lunt
775 1111 818 1155 po-

144 1166 215 1207 testus
229 1160 300 1207 fieret.
335 1158 418 1222 legati
433 1176 485 1207 cum
501 1160 574 1208 Gallis
588 1160 650 1205 missi
665 1167 727 1206 trans
737 1159 816 1220 Alpes,

146 1222 176 1274 C-
194 1224 288 1281 Laelirrs,
306 1224 343 1271 M.
360 1225 469 1272 AEmilius
486 1223 599 1287 Lepidus;
617 1225 645 1271 nd
664 1232 758 1271 caeteros
776 1239 818 1285 po-

143 1291 209 1353 pulos
232 1289 262 1339 C.
279 1291 383 1346 Sicinius,
404 1289 432 1337 P.
450 1288 570 1339 Coroebus
589 1289 673 1343 Blasio,
694 1287 724 1335 Τ.
741 1287 818 1335 Mem-

144 1369 212 1403 nnus.

178 1418 224 1467 VI.
243 1419 370 1467 Multarum
387 1417 453 1465 simul
464 1420 563 1467 Graeoiae
574 1418 681 1479 Asiaeque
694 1417 818 1463 eivitatium

144 1484 215 1547 legati
226 1484 325 1532 Romam
336 1492 496 1532 convenerunt.
532 1483 604 1531 Primi
614 1484 765 1529 Athenienses
781 1481 817 1527 in-

145 1548 259 1600 nometi:
278 1551 301 1604 ii,
320 1557 376 1605 “se,
393 1550 453 1609 quod
468 1550 560 1598 navium
577 1548 694 1595 habuerint
710 1547 819 1593 militum-

146 1630 197 1675 que,
216 1613 244 1661 P.
258 1613 348 1662 Licinio
365 1615 451 1661 oonsrrli
468 1622 492 1661 et
508 1612 536 1661 C.
548 1612 655 1660 Lucretio
669 1612 761 1675 praetori
775 1610 819 1657 mi-

146 1678 228 1733 sisse,”
246 1687 412 1742 exposuerunt;
430 1687 446 1709 “
454 1680 534 1739 quibus
544 1694 584 1725 eos
595 1694 641 1724 non
649 1692 702 1724 usos
712 1676 819 1723 frumenti
871 1681 874 1687 '

146 1744 187 1793 sibi
198 1751 289 1791 eentum
304 1746 374 1792 millia
388 1742 520 1806 impetisse:
539 1743 605 1804 quod,
624 1758 757 1803 qumnquam
773 1748 819 1789 sto-

145 1810 209 1857 rilem
221 1817 302 1857 terram
313 1816 384 1862 arent,
397 1809 502 1870 ipsosque
512 1808 579 1854 etiam
590 1816 690 1870 agrestes
701 1806 819 1869 peregrino

145 1873 260 1925 frumento
274 1875 366 1927 alerent,
384 1879 466 1927 tamen,
485 1888 514 1919 ue
528 1872 631 1920 deessent
642 1873 723 1927 officio,
742 1870 820 1919 confe-
864 1892 866 1897 a
885 1880 888 1898 ¹

145 1940 219 1998 cisse;
241 1944 264 1985 et
282 1940 331 1992 alia,
350 1953 401 1999 quae
419 1940 587 2001 imperarentur,
605 1945 712 2000 praestnre
729 1943 821 1997 paratos

146 2003 224 2057 esses
257 2003 351 2057 Milesii,
364 2002 419 2048 nihil
425 1994 555 2064 praestitisse
565 2008 723 2055 memorantes,
736 2000 820 2061 siquid

68 2069 69 2078 ¹
145 2062 255 2131 imperare
263 2068 380 2115 adbeIlnm
391 2074 481 2115 senatus
492 2068 566 2121 vellet,
578 2074 685 2129 praestare
696 2081 720 2111 se
730 2072 820 2126 paratos

147 2129 821 2257 mstltttltmtlbtlliffitltili,ll!

146 2262 258 2309 versarios
276 2262 297 2308 ei
315 2262 386 2309 Dirae
406 2262 542 2309 instituisse:
562 2270 585 2309 et
604 2276 710 2307 coronam
730 2275 820 2307 auream

147 2326 309 2388 quinquaginta
318 2327 400 2388 pondo,
418 2342 485 2387 quam
496 2327 518 2371 in
529 2324 640 2388 Capitolio
651 2332 767 2388 ponerent,
780 2325 822 2371 do-

147 2407 204 2440 num
213 2390 268 2440 Jovi
279 2390 372 2453 Optimo
383 2391 494 2444 Maximo,
513 2392 620 2447 attulitse,
633 2400 656 2438 et
667 2398 731 2437 scuta
741 2386 821 2450 eques·

147 2457 192 2506 tris
201 2462 316 2512 trecentae
332 2471 365 2509 ea,
377 2456 414 2502 cui
420 2456 548 2518 jussissent,
561 2456 688 2503 tradituros.
722 2454 821 2501 Donum

146 2529 174 2569 ut
184 2522 208 2569 in
218 2518 329 2583 Capitolio
339 2534 430 2583 ponere,
442 2528 466 2567 et
477 2518 599 2567 sacrificare
609 2520 694 2575 liceret,
705 2520 819 2582 petebant.

98 2605 101 2611 ’
147 2586 205 2636 Hoc
224 2584 380 2648 Lampsaceni,
403 2586 520 2648 octoginta
540 2585 615 2647 pondo
638 2600 745 2633 coronam
766 2581 822 2630 uffe-

148 2659 231 2708 rento,
242 2652 354 2719 petebant,
370 2658 579 2707 commemorantes,
598 2658 614 2683 “
623 2650 764 2707 Disoessisse
774 2662 798 2695 se
806 2659 823 2693 ι
