1892 2909
170 96 223 143 2⁵0
291 95 321 144 Τ.
334 95 424 145 mvn
440 97 495 146 Lm.
507 96 588 146 XLV.
608 96 670 148 Car.
679 90 722 146 89·

171 222 238 269 miies
252 223 429 274 adolescentibus
438 227 547 275 militibus
555 227 652 276 ostentui.
686 225 761 276 nata
771 226 851 276 niteas

171 295 195 334 et
205 289 320 352 integrum
331 292 436 340 denudet
471 293 597 347 Revocate
615 292 740 347 aividetur,
753 291 847 349 tribuni,

170 352 200 398 ad
211 353 343 418 suffragium
355 358 439 416 tribus;
456 373 502 421 ego
512 359 541 406 ad
550 373 600 413 vos,
612 358 702 412 milites,
711 419 739 486 [θ
751 423 850 470 m

171 481 231 536 dam,
249 492 372 546 euntesque
390 487 418 533 ad
437 485 544 551 suffragiu
561 488 701 545 umectabm
718 494 743 534 et
762 491 849 536 notabo

172 547 286 608 improbos
300 551 451 613 ingratosque,
468 560 493 600 et
503 569 549 605 eos,
561 554 600 613 qui
611 567 657 600 non
668 552 717 615 regi
728 567 754 598 se
764 554 793 599 ab
803 554 849 600 im-

171 621 282 674 peratore,
301 617 339 662 sed
353 631 405 663 eum
420 619 481 664 uitro
492 617 533 664 arbi
542 633 583 680 per
596 618 740 664 ambitionem
751 618 847 671 moire,

173 691 262 738 sequum
280 680 399 728 ceuseut’'
434 681 487 729 Hac
503 683 604 729 oratione
620 682 729 744 castigata
743 682 849 730 miiituris

172 744 237 789 turba
254 745 285 790 ita
302 747 398 793 mutavit
414 748 520 801 animum,
538 753 564 794 ut
581 747 652 793 tn'bus
669 747 697 793 ad
712 745 848 809 suffragium

173 817 285 855 revocatse
296 810 323 856 sd
334 825 400 857 unam
409 827 489 860 omnes
500 812 640 874 rogationem
648 811 677 858 de
684 811 799 874 triumpho
806 813 848 874 ju·

171 871 257 919 berem.
291 873 359 922 Victi
370 876 439 936 igitur
449 877 590 924 inimicorum
601 874 759 924 malevolentiti
770 884 793 922 et
805 877 848 924 ob·

171 939 311 992 uectatione,
329 941 473 1002 triumphavit
493 941 578 988 Paulus
596 941 625 989 de
644 940 729 988 Perseo
746 957 803 1003 rege
822 950 847 989 et

172 999 335 1051 Macedonibus
344 1019 383 1067 per
391 1005 497 1060 triduum,
508 1005 552 1052 lv.
564 1004 613 1052 ΙΙΙ.
624 1006 724 1068 etpridie
731 1003 848 1054 cauenda

172 1065 319 1116 Decembres.
350 1069 404 1116 Fuit
413 1071 449 1116 hic
461 1072 593 1132 triumphus,
606 1071 654 1119 sive
664 1071 847 1132 magnitudinem

171 1131 226 1178 victi
241 1133 308 1196 regis,
327 1135 374 1181 sive
388 1136 485 1196 speciem
496 1136 673 1190 simulacrorum,
690 1137 740 1181 sive
748 1136 846 1183 modum

171 1198 273 1259 pecuniae
290 1207 383 1261 spectes,
400 1200 470 1262 longe
485 1200 726 1264 muguiiioeutissimus,
747 1207 774 1246 ut
792 1217 846 1247 om-

170 1263 234 1309 nium
245 1269 398 1310 anteactorum
413 1265 601 1327 comparationem
615 1265 761 1327 amplitudine
776 1281 847 1328 supe-

170 1334 237 1374 raret
274 1327 381 1392 Populus,
394 1331 514 1376 &structis
523 1346 563 1393 per
570 1329 644 1376 fortun
655 1336 679 1377 et
690 1337 772 1376 caetera
781 1331 847 1378 urbis

171 1391 228 1446 loca,
246 1391 290 1455 qui
303 1394 388 1440 traduci
401 1409 506 1458 pompam
522 1396 644 1456 oportebat,
661 1395 765 1441 tabulatis
779 1396 847 1443 thes-

170 1463 257 1504 trorum
265 1459 289 1504 in
297 1460 396 1514 modum,
408 1460 518 1522 spectavit
528 1461 551 1505 in
560 1459 659 1507 candidis
666 1460 734 1522 togis.
754 1459 846 1522 Aperta

170 1523 253 1584 templs
273 1525 354 1577 omnia,
375 1531 398 1570 et
417 1524 483 1570 sertis
501 1531 615 1578 coronata,
631 1525 699 1571 thure
715 1523 843 1571 firmabant.

170 1585 275 1634 Lictores
290 1589 440 1650 satellitesque
453 1589 605 1636 confluentem
619 1597 705 1636 temere
718 1589 806 1636 turbam
817 1598 845 1638 et

169 1665 229 1714 vage
246 1653 406 1701 discurrentem
425 1655 584 1701 submoventes
601 1669 617 1701 e
633 1653 715 1707 medio,
737 1659 846 1716 patentes

169 1716 215 1762 late
232 1717 281 1763 vias
299 1731 426 1779 vacuasque
444 1720 580 1781 praebmam
615 1717 676 1768 cum
694 1719 718 1764 in
737 1726 792 1773 tm,
813 1728 845 1767 ut

169 1780 274 1835 diximus,
292 1782 339 1828 dies
349 1783 465 1831 distributa
482 1791 541 1830 esset
555 1799 638 1846 pompa
651 1784 778 1846 spectaculi,
795 1785 846 1846 pri-

151 1894 154 1901 ,
169 1859 221 1892 mus
235 1846 282 1893 dies
296 1847 336 1892 vix
351 1847 438 1896 suffecit
452 1849 621 1896 transvehendis
635 1849 706 1910 signis
715 1849 846 1926 tabulisque

169 1912 269 1973 captivis,
287 1912 311 1958 in
328 1911 436 1962 ducentos
451 1915 612 1977 quinquaginta
625 1929 704 1960 currus
719 1913 841 1976 irnposrtis.

170 1976 278 2038 Sequenti
297 1976 333 2024 die
351 1980 428 2026 miultis
447 1979 552 2041 plaustris
570 1979 710 2032 translatum,
734 1977 844 2040 quidquid
936 1982 937 1987 ’

168 2037 369 2090 Macedonicorum
385 2059 498 2091 annorum
513 2043 687 2106 pulcherrimum
702 2050 725 2091 et
734 2042 844 2105 magnifi-

169 2107 322 2154 centissimum
340 2108 389 2163 fuit,
407 2123 457 2170 quae
475 2116 499 2155 et
512 2109 562 2171 ipss
574 2108 628 2155 iem·
642 2116 681 2156 aut
695 2107 747 2155 teris
761 2123 844 2156 recens

165 2171 222 2218 tersi
238 2173 312 2220 nitore
323 2175 473 2235 splendebant,
492 2181 515 2220 et
525 2175 557 2220 ita
568 2178 653 2221 struma
662 2180 726 2221 eraut
736 2173 797 2219 inter
807 2189 841 2228 se,

168 2242 202 2290 ut,
220 2251 271 2283 cum
283 2240 402 2286 acervatim
413 2239 488 2303 potius
503 2239 622 2293 cumulate,
640 2253 707 2302 quam
721 2237 844 2285 artificiose

168 2300 263 2362 digesta,
280 2303 416 2358 viderentur,
434 2305 514 2352 miram
529 2304 648 2365 quamdam
662 2305 704 2351 bac
718 2301 767 2366 ipsi
777 2304 844 2350 veittt

168 2357 286 2412 temerarii
300 2375 323 2414 et
336 2367 429 2416 fortuiti
443 2369 591 2416 concursione
606 2370 702 2432 speciem
718 2369 843 2430 objicerent

168 2429 251 2474 oculis:
288 2431 343 2478 aieae
354 2435 430 2487 scutis,
448 2439 472 2480 et
482 2434 558 2482 ioricae
569 2434 648 2487 ocreis,
665 2441 689 2480 et
702 2433 770 2496 pute
781 2430 843 2480 Cro-

163 2491 226 2544 ticae,
236 2499 260 2538 et
308 2497 387 2544 racicse
397 2505 472 2552 oetrae,
485 2506 510 2544 et
518 2500 630 2560 pharetra
640 2497 780 2560 equestribus
787 2512 842 2559 pen

165 2555 244 2601 mixte
254 2555 330 2612 frenis,
349 2562 464 2623 strictique
474 2563 543 2625 gladii
552 2563 669 2611 hincinde
678 2575 787 2610 mucrone
798 2575 842 2609 ex-

165 2625 225 2666 serto
236 2620 341 2676 uinces,
359 2631 382 2674 et
392 2641 406 2675 o
415 2627 522 2678 uterum
531 2628 657 2679 sumta
667 2628 764 2678 unam.
791 2625 842 2674 Aa·
