1892 2909
49 156 53 177 Ι
138 102 184 158 nr
267 109 297 159 r.
310 100 398 159 mvn
415 100 469 157 nol
483 73 538 157 un
556 100 617 159 cn,
631 109 671 157 sa.

149 254 153 262 '
169 238 237 287 LVI.
257 238 360 294 Perseus,
372 240 459 287 “certior
473 239 546 287 faciut
560 237 635 285 omnia
648 236 735 283 detecta
745 244 803 288 etse,

133 296 248 367 'potentior
262 306 350 365 quidem
367 312 422 359 erut,
440 319 506 365 quam
521 311 547 349 ut
562 303 639 365 fugam
657 300 804 347 neeessariam

137 370 241 417 duceret:
260 376 354 423 tantum,
372 376 397 415 ut
407 370 485 431 procul
494 370 587 419 abesset,
605 365 701 418 curabat,
713 362 804 410 interim

136 434 199 480 uelut
215 434 243 480 ab
257 434 361 481 incendio
376 433 491 495 flagrantis
507 433 553 484 irae,
571 432 624 478 duur
640 429 755 491 Philippus
768 424 806 473 vi-

98 495 100 497 ’
136 500 207 551 vetet,
226 514 250 545 se
267 499 408 545 defensurus:
428 498 473 557 qui,
492 511 531 557 spe
549 495 649 557 potiundi
667 493 696 540 ad
713 505 805 554 poennn

137 564 236 625 corporis
245 564 298 625 ejus
309 560 395 614 aminsi,
413 561 473 621 qu'od
483 560 591 621 reliquum
603 566 657 612 erut,
673 558 696 603 id
707 556 805 610 sordere,

137 640 174 681 ne,
191 643 256 689 super
267 627 427 687 impunitatem,
439 627 506 671 etiam
517 626 611 686 praemio
621 623 710 672 sceleris
719 620 806 667 fruere-

137 698 181 737 tur.
217 692 358 753 Antigonum
373 690 441 750 igitur
455 688 564 753 appellat;
581 689 617 734 cui
631 695 654 733 et
665 686 736 748 palam
751 684 806 731 faeti

136 755 246 817 parricidii
256 751 328 816 gmtid
342 754 451 799 obnoxius
466 759 520 807 erat,
538 765 610 813 neque
623 752 751 814 pudendum
765 755 806 795 aut

136 819 289 881 poenitendum
298 832 349 864 eum
359 832 436 879 regem
445 818 614 870 Macedonibus,
625 823 717 879 propter
726 828 806 861 recen·

137 890 183 928 tem
194 884 265 943 patrui
273 883 383 945 Antigoni
394 882 496 944 gloriam,
508 882 556 928 fore
566 883 676 928 eerrsebot.
698 887 715 909 ‘⁸
724 879 805 933 Quian·

137 946 167 993 do
182 947 206 991 in
223 961 272 993 eam
288 946 400 993 fortunam
417 945 495 1000 veui,'’
512 947 591 1006 inquit,
610 953 626 975 ¹⁸
637 944 761 1006 Antigone,
778 950 806 989 ut

136 1011 219 1057 orbitas
229 1012 290 1065 milri,
306 1014 373 1071 quam
385 1011 421 1057 alii
430 1011 568 1058 detestentur
577 1017 687 1071 parentes,
703 1006 809 1069 optabilis

135 1086 188 1122 esse
202 1076 293 1133 debest3
310 1090 411 1139 regnum,
429 1076 488 1137 quod
502 1090 515 1121 a
527 1081 607 1137 patruo
615 1081 663 1127 tuo,
678 1072 740 1126 forti,
757 1086 805 1118 nou

137 1140 211 1186 tolum
224 1139 290 1194 fideli,
307 1138 378 1187 tuteli
391 1141 438 1203 ejus
452 1140 588 1186 custoditum
602 1147 626 1185 et
636 1144 726 1184 auotum
735 1137 805 1184 etiam

136 1206 218 1267 accepi,
231 1205 254 1251 id
264 1204 303 1251 tibi
313 1205 399 1251 trudere
409 1205 432 1249 in
443 1206 518 1251 animo
528 1211 569 1249 est
598 1202 635 1249 Te
644 1216 714 1260 unum
724 1201 804 1256 bssbeo,

136 1283 203 1329 quem
214 1269 306 1331 dignum
318 1267 501 1331 regniojudicem.
533 1268 558 1315 si
569 1268 680 1314 neminem
691 1268 802 1321 lrulrerem,

134 1334 208 1395 perire
221 1341 245 1380 et
259 1334 371 1395 exstingui
381 1334 404 1379 id
414 1333 510 1385 mallem,
527 1346 594 1393 qnam
605 1331 690 1378 Perseo
700 1331 805 1378 soeiertae

134 1396 219 1444 {reddis
228 1398 345 1460 proemium
356 1412 411 1445 esse
447 1396 589 1444 Demetrium
597 1396 719 1443 excitatrrm
729 1396 758 1442 sb
767 1396 804 1441 in·

134 1461 188 1508 serii
198 1464 367 1525 restitutumque
377 1462 464 1509 credam
479 1460 540 1515 milri,
558 1462 621 1514 site,
637 1461 675 1522 qui
690 1460 757 1506 morti
767 1460 805 1506 in·

135 1528 244 1583 docentis,
262 1528 299 1588 qui
309 1542 360 1573 meo
370 1526 451 1573 infelici
461 1526 531 1573 errori
541 1540 600 1572 unus
609 1522 759 1585 illanymtni,
778 1525 803 1571 in

133 1590 209 1637 locum
225 1593 273 1653 ejus
293 1592 435 1639 substitutum
453 1589 602 1651 relinquam·”
635 1590 674 1637 nt
691 1590 735 1635 hoa
753 1604 803 1636 ser-

135 1664 210 1708 mone,
226 1656 289 1701 omni
303 1670 387 1717 genere
404 1657 495 1701 honoris
504 1654 627 1717 produoere
636 1669 688 1700 eum
702 1668 749 1704 non
763 1654 805 1701 de·

134 1718 199 1764 suut.
234 1717 295 1766 Cum
312 1720 336 1765 in
354 1718 451 1767 lurein
462 1719 559 1766 Perseus
577 1720 670 1772 abesset,
687 1718 806 1767 circumire

134 1781 277 1830 Maosdouioe
293 1785 365 1837 urbes,
382 1784 559 1846 principibusque
578 1783 720 1845 Antigonum
738 1796 803 1829 oom-

134 1846 252 1893 men'dore:
271 1854 301 1901 et,
319 1848 338 1894 si
356 1847 402 1895 vita
419 1848 509 1911 longior
527 1848 666 1915 suppetisset,
683 1848 743 1893 lruud
760 1848 805 1895 du-

132 1911 194 1957 bium
206 1910 257 1965 luit,
274 1912 328 1973 quin
343 1926 395 1959 eum
410 1913 434 1959 in
448 1912 589 1975 possessione
604 1912 668 1974 regni
683 1912 801 1960 relicturus
819 1932 822 1935 ⁴

129 1974 205 2022 fuerit.
241 1976 280 2023 Ab
289 1969 563 2040 Demetriade-profectus,
575 1974 741 2023 hasnoniae
750 1978 803 2038 plu-

134 2040 215 2087 rimum
231 2041 338 2103 temporis
354 2049 453 2089 moratus
467 2041 553 2089 luerat:
572 2040 624 2087 inde
638 2056 689 2087 cum
705 2040 802 2103 Amphi-

132 2105 195 2167 polin
206 2105 310 2160 venisset,
322 2107 386 2168 gravi
396 2107 474 2153 morbo
485 2113 520 2154 est
530 2105 662 2167 implicitus:
676 2106 715 2152 eod
725 2106 801 2153 animo

131 2175 208 2221 tumen
223 2186 309 2231 aegrum
325 2171 397 2232 magis
410 2171 486 2224 fuisse,
503 2186 569 2231 quam
580 2184 679 2231 corpore,
696 2178 801 2229 eonsttt;

132 2234 235 2294 euntque
249 2242 272 2280 et
285 2236 367 2295 vigiliis
383 2236 445 2298 (cum
456 2235 575 2282 identidem
587 2234 671 2296 speeies
681 2241 705 2279 et
715 2236 802 2283 umbras

130 2297 225 2343 insontis
232 2298 343 2345 interemti
354 2298 393 2345 lilii
403 2298 524 2361 agitarent)
533 2298 668 2346 exstinctum
678 2313 735 2353 etse,
747 2314 799 2347 eom

130 2351 183 2407 din'e
197 2363 384 2411 exsecrationibus
397 2364 494 2411 alterius.
528 2362 616 2410 Tamen
630 2362 743 2410 admoneri
758 2380 801 2427 po-

129 2426 208 2471 tuisset
219 2426 356 2488 Antigonus,
375 2427 393 2473 si
405 2425 487 2492 [haud]
498 2429 573 2475 stetim
588 2427 660 2489 polam
670 2426 730 2474 fecte
739 2436 800 2475 esset

57 2533 59 2543 ,
129 2504 190 2535 mors
201 2491 282 2553 regis.-
303 2490 407 2543 Medicus
419 2491 554 2555 Calligenes,
571 2492 610 2553 qni
621 2492 729 2538 curationi
739 2508 800 2554 pree-

104 2584 109 2593 =
126 2560 182 2609 eret,
200 2569 245 2604 uon
261 2554 386 2621 exspectati
400 2566 473 2609 morte
490 2557 557 2619 regis,
576 2573 589 2603 a
603 2557 680 2618 ptimis
694 2557 799 2620 despera.
