1892 2909
71 212 73 219 A
139 148 187 194 234
257 136 694 187 u.1„1v111.o-xu111.crr;9.·

139 274 190 319 olus
203 278 287 333 praetor
299 268 426 331 modii
447 274 463 297 ‘⁶
473 266 534 321 Quae
544 269 600 315 bene
611 268 703 315 meritos
714 283 770 323 sese,
783 274 821 317 'et'

139 344 199 391 ante,
216 336 274 382 etin
284 350 312 381 eo
322 334 380 380 bello
391 332 450 394 quod
458 340 557 395 geratur,
575 332 602 378 de
611 333 695 395 populo
706 333 813 382 Romano

141 402 223 456 dicant,
240 415 268 447 on
277 407 301 446 et
311 400 368 445 seire
377 413 432 443 vern
442 412 482 443 eos
493 396 576 443 referre
588 405 696 451 sernum,
714 406 744 453 er,
761 416 814 461 per.

141 466 194 512 inde
208 480 234 512 sc
248 465 349 518 debeant,
367 469 433 525 grstn
446 476 503 508 esse.
539 460 600 515 Quae
616 460 676 509 lecto
692 478 705 509 s
721 462 749 511 C.
763 463 815 511 Lu-

142 531 220 584 cretio,
236 530 328 591 fierique
338 529 366 575 nb
379 526 410 573 L.
420 525 546 574 Hortensio
557 526 689 588 praetoribus
703 526 815 577 Romanis

143 603 279 658 quemntur3
295 610 323 641 en
336 607 409 653 neque
424 592 485 637 inem
500 605 572 652 neque
585 590 634 637 lieri
653 593 768 639 voluntate
779 609 816 641 so·

143 660 218 714 nutris,
235 674 302 721 quem
313 672 359 703 non
369 656 582 717 posseexistimnre,
600 656 638 715 qui
653 656 715 711 scint,
733 658 816 711 bellum

144 724 217 779 Persi,
234 732 257 771 et
267 730 320 770 mre
335 722 439 782 Philippo
453 721 510 783 putri
521 722 576 782 ejus,
594 721 696 767 intrdisse
709 723 818 783 populum

125 799 127 802 '
143 790 275 837 Romanurn
285 802 327 849 pro
337 787 438 832 libertate
449 786 566 843 Graeniae3
583 799 630 831 non
640 792 666 832 ut
677 800 704 832 on
718 801 731 832 a
745 789 819 850 mogi-
913 820 918 827 .

145 855 251 901 stratibus
266 852 332 899 sociis
346 858 413 911 utque
430 851 508 897 amicis
521 850 667 912 paterentur?
688 849 777 898 Literss
794 866 820 900 ss

145 920 174 965 nd
184 917 213 963 L
225 916 376 963 Hortensium
386 921 507 977 praetorem
516 916 607 961 daturos
615 930 678 973 esse3
690 930 742 977 quae
750 914 820 965 cusu

144 982 247 1030 cidenses
262 988 384 1042 querantur
400 986 457 1034 eoin,
474 996 505 1027 eo
520 980 611 1027 senatui,
621 996 666 1026 non
681 981 781 1043 plaeere:
801 980 821 1031 ri

145 1048 183 1108 qui
194 1048 218 1092 in
229 1046 360 1093 servitutem
370 1045 433 1092 liberi
441 1040 563 1098 venissent,
577 1051 602 1091 ut
610 1060 649 1109 qus
658 1046 821 1107 conquirendos

145 1112 219 1175 primo
230 1115 321 1173 quoque
330 1118 438 1172 tempore,
456 1109 650 1170 restituendosque
662 1111 685 1156 in
696 1112 821 1159 libertatern

135 1184 248 1225 ‘curarem
267 1176 379 1223 sociorum
394 1174 506 1221 navalium
517 1175 637 1229 neminem,
655 1182 737 1237 prester
747 1178 821 1239 magi:

146 1250 213 1297 stros,
225 1243 249 1287 in
260 1242 355 1303 hospitio
364 1239 443 1286 doduei
451 1254 541 1300 aequum
550 1238 667 1286 censere¹¹
686 1239 745 1287 Hmo
755 1240 820 1289 Hor-
870 1260 872 1263 ·

145 1307 220 1354 tensio
224 1308 291 1369 jussu
302 1306 392 1352 senatus
406 1304 495 1365 scripto.
531 1302 630 1351 Munera
639 1305 717 1351 binum
725 1306 820 1355 millium

147 1373 200 1419 aeris
210 1371 291 1433 legatis
299 1371 374 1424 missa,
386 1376 410 1417 et
420 1369 522 1415 vehicula
530 1368 636 1415 Mictiorli
644 1370 731 1431 publice
738 1371 818 1428 locato

147 1452 199 1499 quae
209 1452 261 1484 eum
272 1435 418 1483 Brundisium
429 1434 547 1481 commode
557 1434 711 1495 pervehemnt.
731 1433 760 1484 C.
771 1434 820 1484 Lu.

147 1503 250 1556 cretium,
267 1500 305 1547 ubi
320 1500 375 1553 dies,
393 1514 444 1560 quae
460 1499 520 1545 dieta
535 1506 590 1553 erat,
605 1498 674 1553 venit,
692 1500 774 1547 tribuni
790 1502 819 1548 ud

138 1568 254 1629 ,populum
271 1562 410 1618 necusdrunt,
428 1564 566 1625 multamque
580 1564 653 1610 denies
667 1570 758 1611 eentum
768 1566 821 1613 mil·

146 1632 203 1678 lium
214 1631 266 1677 aeris
273 1630 384 1676 dixerunt.
421 1626 525 1676 comitiis
535 1627 622 1683 habitis,
635 1642 713 1676 omnes
721 1630 821 1692 quinque

147 1702 172 1743 et
182 1695 276 1757 triginta
286 1695 356 1741 tribus
367 1708 419 1739 eum
430 1690 614 1740 condemnirurrt.

182 1758 229 1806 lx.
249 1756 278 1804 In
293 1756 415 1820 Liguribus
428 1773 457 1804 eo
467 1773 527 1805 anno
542 1758 597 1804 nihil
611 1760 754 1808 memorabile
767 1776 821 1824 ges·

145 1831 212 1871 tum:
231 1838 284 1870 nrm
295 1823 424 1869 neehostes
434 1830 554 1870 moverunt
568 1836 636 1876 arms,
654 1838 728 1885 noque
741 1828 822 1874 consul
862 1817 866 1821 ’

122 1915 130 1934 »
148 1889 172 1936 in
183 1903 263 1951 agrum
274 1902 352 1935 eorrun
362 1887 464 1949 legionen
474 1888 575 1934 induxit:
595 1894 625 1941 et,
643 1889 697 1935 satis
707 1890 823 1952 explorati

147 1952 824 2080 ffiiffldroeifflpiiillfflffi

148 2087 192 2131 sit:
212 2084 324 2146 sociorum
339 2082 436 2147 nominis
451 2081 527 2129 Intini
542 2082 642 2129 exercitu
656 2091 743 2132 mature
753 2085 776 2131 in
788 2088 823 2133 hi-

148 2150 218 2196 bemn
235 2148 324 2195 Lunum
341 2155 365 2195 et
381 2146 447 2194 Piros
462 2147 566 2200 deducto,
583 2148 698 2209 ipserum
714 2150 824 2211 equitibus

149 2213 234 2261 Gauio
251 2213 374 2275 prorineiae
389 2212 495 2274 pleraque
512 2211 591 2273 oppidu
608 2212 669 2259 adiit.
704 2212 823 2277 Nusquam

148 2277 208 2333 nlrlri,
225 2293 292 2339 quarn
309 2278 333 2323 in
352 2274 494 2331 Msoedonid,
512 2277 595 2323 bellum
613 2286 673 2325 erat:
693 2288 823 2343 suspectum

149 2348 227 2389 tsmen
234 2349 259 2388 et
267 2343 376 2389 Gentium
388 2340 517 2403 lllyriorum
526 2356 603 2403 regem
614 2342 736 2391 habebunt:
750 2346 825 2407 itsque

149 2412 174 2451 et
190 2412 243 2452 octo
259 2420 329 2452 naves
345 2413 436 2453 ornatus
454 2421 468 2452 s
485 2405 607 2453 Brundisio
627 2415 718 2455 senatus
736 2413 825 2461 censuit

144 2470 271 2518 mittendas
288 2470 317 2515 nd
334 2468 363 2518 C.
380 2469 475 2517 Furium
491 2471 592 2533 legatum
612 2469 692 2527 Issam,
715 2474 753 2534 qui
772 2491 825 2525 cum

150 2534 254 2595 prasidio
271 2533 365 2581 duorum
381 2533 504 2581 Issensium
520 2536 611 2582 navium
627 2536 706 2584 insulse
720 2551 824 2599 praeerat.

143 2596 209 2645 ⁴Duo
222 2598 292 2646 millis
301 2599 398 2646 militum
408 2600 432 2645 in
443 2614 481 2647 ens
493 2614 561 2647 naves
577 2607 630 2647 sunt
646 2601 757 2664 impositu.
775 2620 826 2667 quae

152 2661 186 2717 Q.
199 2661 301 2713 Morio
316 2670 407 2726 praetor,
423 2678 452 2712 ex
469 2664 719 2722 senatusconsultum
728 2666 755 2717 eri
766 2682 830 2732 porte
