1892 2909
262 96 291 147 Τ.
306 96 395 153 mvn
411 100 465 151 Lm.
479 101 563 151 XLII.
582 101 644 153 css.
658 107 697 157 45.
770 111 817 158 191

137 226 168 283 ad
179 228 312 297 Romanosz
327 240 350 279 et
360 230 599 281 marcomanorum
608 232 816 299 Haliartiorumque

136 303 277 345 convenerat
293 296 321 343 ad
335 296 499 345 defendendum
513 298 628 345 decretum
641 300 709 361 regiae
720 302 816 349 societa-

136 362 182 409 tis:
207 362 247 408 sed
265 360 391 409 constantii
408 362 541 425 principum,
563 363 699 418 docentium,
716 363 815 414 cladrbus

137 425 200 474 Phili
231 426 239 471 i
252 422 410 489 Antiochique,
429 434 513 489 quauta
522 434 582 473 esset
594 428 629 473 vis
639 435 663 474 et
672 428 762 477 fortuna
772 421 815 477 im-

135 491 195 555 perii
202 442 312 545 iiomani,
330 492 478 539 victaeadem
486 491 613 545 multitudo,
625 499 654 545 et,
663 500 689 539 ut
700 495 815 545 tolleretur

135 558 203 619 regia
217 556 318 609 societas,
336 556 449 614 decrevit;
466 565 490 603 et
505 573 551 610 eos,
569 558 607 617 qui
624 565 727 605 auctores
741 560 814 619 pacis-

135 620 218 669 cendae
240 621 343 667 amicitiae
361 620 456 675 fuerant,
479 623 508 668 ad
527 621 706 669 satisfaciendum
724 624 811 685 legatis,

133 682 272 735 Chalcidem
283 686 360 742 misit3
377 686 472 748 fideique
482 688 608 749 legatorum
620 688 770 735 commendari
782 690 814 737 ci-

135 752 231 799 vitatem
239 750 315 811 jussit
342 750 462 799 Thebanos
473 751 575 799 Maroim
586 759 610 799 et
620 752 705 799 atilius
715 753 762 801 laeti
773 770 813 802 au·

133 816 235 868 derunt,
248 822 393 876 auctoresque
404 818 472 863 ethis
483 818 600 879 separatim
611 818 812 879 singulisiuerunt,

133 880 329 940 iad-renovandam
342 882 470 939 amicitiam,
487 883 590 929 mittendi
604 882 703 931 Romam
714 884 809 946 legatos

136 946 202 995 Ante
222 946 297 992 omnia
315 947 404 996 exsules
423 946 510 993 restitui
525 949 648 1009 jussenmt,
666 955 690 995 et
708 957 812 999 auctores

132 1012 208 1074 regite
223 1010 336 1057 societatis
352 1011 441 1057 decreto
458 1027 500 1057 suo
514 1010 654 1060 damnirunt.
690 1012 734 1068 Ita,
752 1014 812 1075 quod

131 1076 236 1123 maxinm
251 1076 362 1128 volebant,
380 1076 482 1123 discusso
500 1074 605 1122 Boeotioo
624 1076 726 1131 concilio,
744 1078 813 1125 Pelo-

34 1136 40 1144 '
132 1156 262 1205 ponuesum
270 1139 448 1203 proficiscuntur,
460 1141 510 1187 Ser.
522 1139 629 1188 Corneio
637 1139 768 1188 Chalcidem
776 1158 812 1189 ar-

132 1206 227 1255 cessito.
263 1204 334 1267 Argis
345 1207 463 1267 praebitum
474 1213 509 1251 est
518 1206 546 1251 iis
557 1205 689 1252 concidimur
709 1206 746 1252 ubi
757 1207 813 1256 nihil

132 1271 197 1319 diod
213 1285 227 1317 a
242 1278 311 1333 gente
327 1271 465 1317 Achaeorum
484 1271 603 1331 petienmt,
620 1285 687 1330 quam
705 1278 732 1316 ut
750 1272 812 1319 mita

130 1336 220 1385 milites
231 1335 316 1381 darent.
343 1334 372 1383 Id
382 1333 510 1396 praesidium
521 1336 550 1381 ad
558 1333 687 1382 Chalcidem
695 1336 809 1390 tuendam,

130 1402 190 1457 dum
199 1400 318 1455 Romanus
327 1400 437 1446 exercitus
445 1400 467 1444 in
479 1400 592 1447 Graeciam
600 1400 745 1460 trajiceretur,
755 1401 811 1449 mia-

132 1482 187 1515 aum
205 1472 246 1512 est·
281 1464 383 1511 Marcius
398 1471 421 1511 et
437 1464 529 1517 Atilius,
545 1465 642 1525 peremis
657 1479 708 1524 quae
723 1464 811 1525 ageush

130 1532 159 1579 iu
171 1528 262 1578 Graecid
272 1536 342 1583 erant,
354 1529 462 1591 priucipio
473 1529 552 1575 hiemis
563 1528 662 1575 Romam
673 1528 792 1575 rediemnt

169 1594 250 1643 XLV.
269 1590 327 1641 Indo
342 1594 425 1655 legatio
445 1593 487 1639 sub
504 1594 563 1639 idem
582 1601 670 1654 tempus
689 1594 712 1639 in
729 1594 808 1641 Asiam

100 1714 103 1720 ⁴
130 1662 219 1709 circum
229 1660 313 1706 insulas
323 1660 404 1705 missa:
424 1666 470 1705 tres
481 1666 545 1705 erant
554 1659 630 1720 legati,
642 1656 679 1704 Tr.
691 1656 806 1713 Claudius,

134 1724 163 1773 P.
182 1724 320 1781 Postumius,
338 1722 375 1769 M.
392 1721 482 1771 Juaius.
518 1721 539 1768 Ii
553 1724 717 1770 circumeuntes
731 1724 809 1773 borto-

131 1784 220 1840 bantur
230 1788 302 1835 socios
319 1788 348 1835 ad
364 1788 528 1851 suscipiendum
544 1788 651 1834 adversus
663 1787 752 1835 Persea
766 1805 808 1850 μυ
838 1829 844 1840 ,

134 1854 245 1909 Romanis
256 1853 352 1899 bellum:
372 1859 402 1907 et,
419 1868 465 1913 quo
480 1868 575 1914 quasque
589 1852 715 1914 opruimrtior
728 1853 808 1901 civitas

129 1928 189 1975 erat,
206 1934 234 1965 eo
250 1917 375 1965 accuratius
390 1918 494 1979 agebant,
515 1918 568 1978 quia
582 1918 681 1964 minores
697 1924 809 1964 secuturae

130 1987 244 2049 majorum
255 1982 410 2031 auctoritatem
421 1990 491 2029 eraut
521 1982 606 2029 Rhodii
616 1982 808 2029 maximiadom-

132 2052 172 2099 nia
181 2049 290 2096 momenti
300 2049 443 2101 habebantur,
456 2048 508 2108 quia
518 2062 565 2093 non
572 2047 651 2093 favere
660 2054 756 2100 mamm,
768 2046 808 2093 sed

130 2116 239 2183 adjuvare
249 2114 316 2160 etiam
331 2114 414 2160 viribus
430 2113 476 2159 suis
490 2113 572 2159 bellum
586 2119 696 2174 poterant,
714 2111 808 2171 quadra·

132 2174 199 2243 ginta
212 2178 305 2225 navibus
320 2186 412 2225 auctore
427 2176 586 2239 Hegesilocho*
596 2175 743 2238 comparatis;
760 2176 805 2242 qui,

128 2258 187 2291 mam
201 2243 225 2289 in
240 2258 328 2289 summo
342 2244 476 2305 magistratu
490 2250 558 2295 esset,
576 2241 699 2305 (Prytaoiu
711 2241 755 2303 ipsi
765 2258 807 2290 vo·

130 2308 198 2369 caut)
207 2307 283 2355 muris
294 2308 415 2355 rationibus
425 2308 549 2371 pervicerat
556 2306 666 2361 Rhodios,
675 2313 707 2360 ut,
715 2303 806 2361 omissi,

128 2390 200 2439 quam
213 2388 273 2435 saepe
283 2388 363 2421 vanam
374 2374 460 2435 experti
471 2379 554 2428 essent,
569 2387 648 2433 regum
656 2371 807 2419 fovendorum

127 2456 180 2505 ope,
199 2438 326 2487 Romanam
343 2438 473 2485 societatem
491 2439 570 2501 (unam
587 2444 636 2483 tum
652 2437 676 2483 in
691 2436 756 2499 terris
770 2436 807 2484 vel

132 2506 217 2556 ustus
231 2504 269 2551 vel
282 2502 327 2551 fide
342 2500 454 2563 stabilem)
470 2503 598 2550 retinerent.
635 2501 753 2549 “Bellum
763 2500 808 2551 im·

132 2574 220 2623 minere
230 2584 282 2617 cum
294 2567 392 2616 Perseos
406 2567 569 2615 desideraturos
577 2567 695 2615 Romanos
705 2567 808 2614 eumdem

108 2648 113 2655 ·
130 2636 235 2686 saniem
246 2636 382 2699 apparatum,
394 2649 461 2696 quern
468 2633 542 2695 nuber
549 2632 664 2694 Antiochi,
674 2638 742 2696 quom
752 2629 808 2678 Piri-

537 2714 548 2743 s
563 2703 580 2744 8
