1892 2909
158 146 195 192 80
254 143 285 191 Τ.
300 140 458 193 mvn-Lm
472 142 599 194 XXXIX.
617 139 734 194 Carffiss

137 294 140 300 ¹
158 281 248 323 meatus
264 275 362 337 praebui:
384 290 427 323 trec
443 289 484 337 per
500 271 659 322 Macedoniam
675 281 771 328 tantum,
789 274 835 321 sed

158 356 198 403 per
208 339 328 387 Thraciam
342 340 417 395 etiam,
434 342 480 393 ubi,
497 340 556 386 inter
573 347 661 394 caetera,
678 354 723 403 pax
738 354 832 401 quoque

157 405 284 468 maestanda
294 420 308 451 ιι
317 406 414 451 barbaria
425 412 480 451 erat.
516 403 563 451 Pro
571 407 614 451 hoc
624 405 698 451 studio
708 420 760 451 meo
772 419 831 466 erga

157 484 207 524 uos,
219 485 249 517 ne
259 470 330 517 dicam
342 471 434 524 mento,
449 478 525 517 utrum
539 470 635 536 adiicere
652 486 702 523 vos,
719 468 830 523 Ronmui,

157 535 246 595 aliquid,
256 543 283 583 et·
290 535 423 597 amplificare
430 542 453 581 et
463 547 547 597 augere
556 550 651 597 regnum
666 550 741 581 meum
750 533 831 595 ιιιιιιιί·ι

157 598 248 647 ficeutid
257 599 332 647 vestri
347 602 468 662 oportebat,
488 616 524 653 aa,
540 614 592 661 quae
606 601 709 647 haberem
724 606 763 646 aut
774 611 829 645 meo

153 666 206 728 jure
216 672 255 712 aut
265 664 371 711 beneficio
382 673 465 718 vostro,
478 666 582 729 eripere?
598 665 622 711 id
631 666 692 726 quod
702 679 762 710 nunc
771 664 830 710 faci·

57 750 59 754 ’
157 731 200 777 tis..
230 730 382 777 Macedonum
405 731 514 784 civitates,
535 746 591 790 quas
609 732 674 792 regni
692 730 742 775 mei-
755 728 829 775 fuisse

156 794 265 848 fatemini,
281 810 326 841 non
344 796 498 843 restituuntur.
534 795 658 848 Eumenes,
673 794 829 855 tamquamad

156 859 303 913 Antiochum,
325 861 352 907 ad
371 860 511 923 spoliandum
530 876 567 906 me
581 861 660 917 veuit3
683 867 706 906 et
723 861 754 923 (si
771 859 828 908 Dii⁸

156 922 240 986 placet)
258 924 334 972 decem
350 926 476 988 legatorum
492 926 605 972 decretum
620 926 738 973 calumniae
753 926 830 986 itnpu-
873 965 876 969 .

156 989 292 1037 dentissimae
302 991 434 1053 praetendit:
454 1006 499 1051 quo
509 991 607 1037 maxime
616 998 640 1037 et
650 990 720 1037 refelli
730 998 754 1035 et
764 1003 830 1036 coar-

156 1054 290 1117 gui-potest
323 1055 478 1103 Disertissime
492 1057 551 1102 enim
568 1056 739 1118 planissimeque
755 1056 779 1101 in
796 1070 829 1102 co

156 1120 264 1182 seriptum
275 1126 316 1175 est,
330 1118 497 1168 Chersonesum
508 1129 531 1168 et
544 1120 710 1182 Lysimachiam
725 1120 828 1167 Eumeni

155 1184 210 1231 dari.
246 1185 293 1232 Ubi
308 1187 398 1233 tandem
413 1186 496 1240 AEnus,
512 1193 536 1233 et
550 1186 668 1240 Maronea,
684 1193 707 1232 et
721 1184 828 1233 Thracioe

155 1249 257 1301 ciuitates
268 1250 384 1313 adscriptae
395 1252 465 1297 sunt?
500 1251 568 1306 Quod
578 1252 606 1297 ab
615 1251 660 1297 illis
670 1266 699 1297 ne
712 1250 828 1311 postulare

155 1315 246 1375 quidem
254 1323 289 1363 eet
300 1332 373 1369 ausus,
383 1316 406 1362 id
416 1317 474 1378 apud
483 1332 531 1370 vos,
543 1324 656 1377 tamquam
664 1317 692 1362 ab
702 1316 745 1361 illis
753 1316 828 1377 impe-

155 1381 254 1434 traverit,
266 1381 388 1427 obtinebit?
409 1380 463 1435 Quo
471 1382 495 1427 ἰιι
504 1396 597 1427 numero
607 1396 645 1427 me
655 1381 714 1442 apud
722 1396 764 1427 vos
774 1396 826 1429 ease

155 1446 236 1499 velitis,
249 1445 322 1493 refert
359 1446 383 1492 Si
396 1453 509 1507 tamquam
523 1447 639 1492 inimicum
651 1452 675 1491 et
688 1446 777 1492 bostem
787 1446 825 1491 iu-

156 1511 235 1557 sectari
250 1512 395 1572 propositumv
404 1519 445 1564 est,
461 1512 555 1573 pergite,
575 1518 600 1556 ut
614 1510 721 1572 coepistis,
738 1510 821 1557 iacere.

155 1575 197 1621 sin
213 1576 292 1635 aliquis
309 1582 422 1637 respectus
439 1583 474 1621 est
489 1576 540 1628 mei,
559 1582 585 1620 ut
602 1575 656 1620 socii
672 1582 740 1635 atqua
756 1576 824 1622 amici

153 1640 221 1701 regis,
242 1639 354 1701 deprecor,
375 1654 404 1685 ne
421 1655 459 1685 me
477 1637 540 1687 tanti
557 1636 637 1702 injurii
653 1640 747 1702 agnum
759 1640 824 1703 judi-

154 1703 237 1752 cetis’'

186 1768 286 1817 XXIX·
306 1770 383 1819 Movit
395 1770 532 1832 aliquantum
549 1771 619 1817 oratio
638 1770 698 1835 regis
715 1771 821 1831 legatose

152 1836 228 1896 itaque
235 1835 308 1882 medio
317 1851 424 1898 responso
433 1850 481 1883 rem
488 1836 663 1898 suspenderunt:
680 1842 696 1865 ⁴‘
708 1835 733 1882 Si
744 1835 823 1882 datam

152 1900 278 1963 legatorum
289 1901 379 1949 decreto
390 1901 489 1948 Eumeni
499 1901 558 1948 datae
568 1901 669 1947 civitates
686 1914 720 1947 eae
736 1907 821 1954 essem,

152 1966 208 2011 nihil
219 1980 243 2012 se
254 1972 354 2013 mutaret
375 1966 393 2012 si
404 1965 521 2028 Philippus
530 1966 590 2013 bello
600 1965 695 2027 cepisset
705 1980 749 2019 eas,
760 1980 822 2027 prae-

152 2031 223 2077 mium
233 2030 335 2077 victoriae
345 2032 397 2093 jure
409 2032 460 2077 belii
475 2032 615 2077 habiturum:
635 2031 770 2077 sineutrum
780 2046 822 2077 eo·

152 2110 202 2141 rum
212 2094 278 2149 foret,
290 2096 377 2158 placere
388 2096 541 2158 cognitionem
552 2096 638 2143 senatui
649 2096 771 2151 reservari3
787 2102 820 2150 et,

152 2163 178 2206 ut
187 2161 262 2207 omnia
269 2161 292 2206 in
300 2161 389 2222 integro
397 2167 522 2215 manerent,
533 2161 642 2223 praesidio,
654 2176 705 2221 quae
714 2161 739 2206 in
747 2160 774 2206 iis
781 2175 822 2206 ur-

149 2226 215 2271 bibus
233 2226 285 2279 sint,
304 2224 408 2274 deduci..'¹
443 2225 498 2272 Ι-ΙιεΔ
509 2240 583 2273 causae
600 2226 699 2272 maxime
719 2224 820 2276 animum

152 2288 249 2353 Philippi
260 2290 412 2337 alienaverunt
430 2292 457 2337 ab
474 2291 600 2348 Romauis;
617 2298 699 2337 utnon
710 2306 724 2337 a
734 2289 820 2337 Perseo

151 2353 197 2403 filio
209 2356 258 2417 cp'us
268 2356 334 2403 novis
344 2356 417 2403 causis
427 2364 522 2411 motum,
539 2357 579 2403 scd
589 2357 618 2402 ob
627 2356 668 2403 bas
676 2372 690 2402 a
699 2363 762 2418 patre
771 2355 821 2401 bel-

150 2419 197 2465 lum
209 2420 310 2467 relictum
321 2420 375 2475 tilio,
387 2422 457 2469 videri
476 2422 554 2484 poesia
589 2421 673 2468 Romae
690 2421 752 2470 uuila
768 2420 820 2467 belli

150 2483 294 2531 Macedonici
305 2486 401 2547 suspicio
412 2492 466 2535 erat.
503 2485 532 2531 L.
543 2486 645 2533 Manlius
655 2486 775 2548 proconsul
789 2494 820 2532 ex

151 2546 264 2609 Hispania
279 2550 389 2599 redierat:
408 2553 444 2599 cui
454 2552 577 2614 postulanti
592 2552 620 2598 ab
637 2558 716 2598 senatu
731 2552 755 2596 in
770 2550 820 2597 aede

148 2612 253 2661 Bellone
264 2616 401 2678 triumphum
413 2629 489 2663 rerum
503 2623 617 2678 gestamen
633 2616 766 2679 magnitudo
776 2616 820 2661 im-

149 2678 402 2744 muuumnuem,
422 2680 551 2765 staupum
570 2680 820 2743 witti-awti·
