1892 2909
219 101 250 152 n.
262 103 352 154 nrvrr
368 105 422 154 nu,
436 83 518 154 xn'v.
538 105 599 156 cn.
612 68 666 180 st.)
726 107 776 153 ers

94 231 146 280 bus
154 231 298 296 imponantur
305 232 333 283 ?”
362 235 391 283 ln
403 235 499 284 Galbam
509 253 552 299 pro
562 252 588 283 se
595 215 689 297 quisque
695 235 776 297 probra

97 296 214 360 ingerere.
239 297 348 354 Tandem,
358 303 402 348 hoc
408 302 507 348 tumultu
515 302 600 355 sedato,
611 301 647 346 M.
658 300 773 353 Servilium,

98 364 142 423 qui
154 363 233 412 consul
243 373 266 412 et
277 367 384 428 magister
395 367 494 426 equitum
504 365 584 419 suerat,
599 373 625 411 ut
642 365 670 411 de
683 366 774 425 integro

98 443 154 473 eam
167 445 214 475 rem
225 440 325 492 agerent,
335 433 364 476 ab
379 431 471 477 tribunis
484 438 567 492 petere,
586 430 716 490 dicendique
733 429 775 475 sibi

99 491 131 538 ad
143 495 250 554 populum
268 502 401 556 potestatem
417 495 523 542 facerent.
558 494 661 548 Tribuni,
680 509 731 540 eum
746 493 776 540 ad
838 495 844 499 ’

100 556 270 605 deliberandum
282 560 432 613 secessissent,
446 561 501 606 victi
515 560 682 606 auctoritatibus
693 558 776 620 princi-

99 636 166 683 pum,
186 622 213 670 de
230 623 319 686 integro
336 639 403 686 agere
414 632 538 686 coepenrnt,
550 630 738 684 revocaturosque
750 638 775 669 se
785 679 788 682 .

99 687 193 733 easdcm
210 688 280 734 tribus
298 687 459 742 renuntiirunt
479 690 498 735 si
515 689 552 744 Μ.
569 689 676 737 Servilius
693 689 775 749 aliique

98 751 192 814 privati,
220 752 243 800 ui
254 753 327 800 dicere
338 753 432 806 vellent,
445 753 561 800 dixissent.

136 813 215 862 XXX
241 816 275 864 11.
294 816 355 864 Tum
368 817 488 866 Servilius:
509 825 525 847 ⁴⁴
538 818 643 872 Quantus
654 817 774 880 imperator

101 879 134 928 L.
147 879 253 928 AEmilius
264 883 338 936 fuerit,
352 882 459 937 Quirites,
472 882 491 928 si
501 897 531 930 ex
541 882 584 929 alia
597 898 621 929 re
635 881 696 929 nulli
712 883 774 928 aesti-

102 947 162 992 mari
178 947 256 1007 possit,
276 948 313 994 vel
326 949 369 994 hoc
384 949 437 994 satis
448 955 502 1001 erat,
515 948 582 1008 quod,
594 962 646 994 cum
658 955 703 994 tarn
715 947 774 993 sedi-

103 1009 176 1056 tiosos
187 1019 210 1057 et
220 1011 281 1058 leves
291 1012 379 1066 milites,
392 1020 437 1059 tam
449 1012 552 1066 nobilem,
565 1020 611 1058 tam
622 1012 772 1066 temerarium,

104 1080 153 1121 tam
165 1076 306 1136 eloquentem
320 1077 347 1124 ad
361 1078 510 1139 instigandam
523 1077 687 1125 multitudinem
700 1077 774 1122 iuimi-

105 1155 158 1186 cum
170 1139 282 1188 incastris
297 1143 394 1196 haberet,
407 1143 490 1188 nullam
498 1143 521 1187 in
532 1142 632 1188 exercitu
643 1141 774 1200 seditione·

105 1205 190 1252 habuit
218 1205 305 1254 Eadem
313 1207 418 1254 severitas
425 1207 518 1268 imperii,
528 1221 594 1267 quam
603 1220 663 1251 nunc
671 1205 774 1260 oderunt,

104 1277 160 1317 tuuc
171 1287 210 1318 eos
218 1272 335 1318 continuit.
371 1270 456 1332 Itaque,
469 1269 560 1332 antiqui
571 1267 686 1331 disciplinis
696 1271 772 1324 habiti,

51 1343 53 1346 '
106 1331 321 1402 [nequel'ecerunt]
351 1337 398 1383 Ser.
410 1336 498 1397 quidem
508 1336 587 1388 Galba,
600 1336 650 1382 siin
662 1334 690 1380 L
702 1334 774 1382 Paulo

106 1401 231 1447 accusando
240 1402 365 1448 tirocinium
372 1415 462 1476 ponere,
472 1409 495 1448 et
503 1401 661 1447 documentum
668 1400 775 1459 eloquen-

106 1463 204 1512 tiaedare
211 1465 288 1520 voluit,
296 1481 342 1512 non
351 1466 486 1528 tnumphum
495 1466 601 1528 impedire
607 1464 692 1527 debuit,-
698 1478 773 1524 quem,

106 1527 126 1574 si
142 1529 197 1576 nihil
212 1531 278 1585 aliud,
295 1539 385 1578 senatus
394 1533 481 1594 justum
498 1547 548 1578 csse
562 1530 716 1592 judicaverat:
736 1529 776 1574 sed

106 1603 196 1656 postero
212 1595 253 1650 die,
268 1611 334 1658 quam
348 1596 508 1658 triumphatum
521 1593 574 1657 [esa
588 1595 699 1656 privatum
710 1591 775 1658 eum]

106 1659 194 1706 visurus
202 1669 268 1715 esset,
281 1675 363 1708 nomen
372 1659 473 1714 deferret,
486 1668 509 1707 et
519 1660 605 1722 legibus
612 1659 775 1721 interrogarem

107 1731 145 1770 aut
157 1725 226 1771 serius
236 1727 309 1788 paulo,
322 1741 373 1772 curn
384 1726 480 1786 primum
492 1726 635 1787 magistratus
645 1725 693 1786 ipse
703 1723 776 1786 cepis·

109 1795 149 1844 set,
160 1790 217 1836 diem
226 1790 315 1844 diceret,
325 1790 439 1836 inimicum
448 1789 477 1836 ad
484 1790 590 1852 populum
599 1796 719 1836 accusaret.
739 1785 777 1836 Ita

109 1863 132 1902 et
141 1856 236 1916 pretium
252 1863 312 1902 recte
325 1853 378 1902 facti
394 1855 530 1916 triumphum
546 1856 635 1901 haberet
649 1854 677 1900 L.
690 1853 776 1900 Paulus

108 1935 148 1982 pro
165 1921 255 1983 egregie
272 1921 330 1967 bello
341 1927 423 1982 gest03
440 1927 462 1966 et
472 1935 570 1981 poenanr,
583 1919 663 1980 siquid
670 1927 694 1966 et
700 1926 777 1966 vetere

109 1983 178 2046 gloria
190 1985 229 2032 sui
240 1992 264 2034 et
274 1982 334 2032 novi
343 1985 460 2046 indignum
471 1984 568 2031 iecisset.
605 1984 650 2030 Sed
664 1983 775 2037 videlicet,

111 2051 144 2096 cui
158 2051 242 2096 crimen
258 2051 352 2102 nullum,
370 2050 456 2096 nullum
471 2051 577 2111 probrum
592 2049 666 2095 dicere
679 2053 774 2110 poterat,

111 2113 777 2239 {illidiiliiiililitufflriiqilitiiss

111 2259 152 2297 ras,
164 2252 271 2304 quantum
283 2252 396 2306 supererat
407 2244 457 2296 dici,
470 2242 564 2289 diceudo
575 2243 688 2288 absumsit
717 2241 777 2295 Quis

111 2323 206 2370 unquam
214 2316 259 2355 tarn
268 2324 353 2356 nocens
360 2324 410 2355 reus
416 2307 465 2362 suit,
475 2309 539 2370 cujus
550 2308 604 2354 vitia
614 2307 668 2353 sn'tae
674 2313 709 2352 tot
717 2307 779 2354 horis

110 2375 206 2436 expromi
216 2388 262 2420 non
270 2374 379 2435 possenti
404 2372 467 2426 Quid
477 2373 566 2418 interim
574 2372 661 2433 objecit,
673 2371 733 2431 quod
743 2370 774 2417 L.
822 2391 833 2398 ·

110 2437 197 2492 Paulus,
214 2439 233 2486 si
244 2454 334 2486 causam
345 2439 410 2491 dicat,
427 2445 535 2500 negatum
546 2436 617 2482 velit?
641 2435 707 2482 Duas
721 2436 775 2482 mibi
844 2475 849 2485 s

108 2505 182 2566 aliquis
193 2505 313 2551 conciones
321 2519 439 2566 parumper
446 2503 525 2549 iaciat:
542 2516 609 2547 unam
618 2500 713 2546 militum
722 2499 775 2546 Ma·

109 2570 275 2628 aedonicorum;
293 2583 371 2632 puram
382 2568 481 2619 alteram,
497 2565 626 2628 integrioris
635 2565 714 2627 judicii
727 2571 777 2610 eta

109 2633 181 2686 serore
196 2642 219 2684 et
236 2633 294 2692 otilo,
313 2635 418 2682 universo
430 2632 546 2696 judicante
561 2630 645 2694 populo
661 2629 774 2677 Romano.
