1892 2909
223 119 253 166 τ.
267 116 354 166 mvn
370 116 424 164 sn
438 82 492 165 'sn
510 116 572 167 cn.
586 122 625 164 22.
728 123 757 165 ει

89 248 124 297 dt'
130 250 156 295 in
165 248 264 311 incepto,
276 262 304 295 sn
315 248 476 295 abstinendum.
512 247 536 293 si
546 254 626 309 pergat
635 246 714 294 tsnren'
720 248 760 302 irc,

90 321 138 361 non
148 328 218 376 posse
229 313 328 369 oblivisci
340 328 364 359 se
374 313 398 357 in
408 312 487 358 tsiibus
497 312 562 357 rebus
572 312 684 373 Antigoni
688 330 696 367 ;
713 310 758 372 qui,

91 377 155 425 saevis
164 384 299 439 tempestate
308 378 413 437 jactatus,
430 392 481 421 oum
496 376 519 420 in
529 373 606 421 eidem
617 391 674 422 nave
684 390 761 422 secum

91 458 145 489 suos
156 457 237 489 omnes
247 441 365 494 habuisset,
381 441 513 501 praecepisse
522 440 594 486 liberis
605 440 720 494 diceretur,
735 449 762 487 ut

15 540 16 545 ,
91 515 115 554 st
125 508 168 569 ipsi
178 505 341 559 meminissent,
355 512 379 551 et
387 506 419 551 ita
428 506 523 565 posteris
533 505 658 565 proderent,
674 519 703 550 ne
713 506 763 565 quis

92 587 144 618 crim
155 568 206 617 tort
216 577 285 631 gente
296 570 361 615 simul
371 570 394 614 in
406 570 470 615 rebus
480 568 550 614 dubiis
563 568 681 629 periclitari
695 569 762 615 sude-

92 643 133 683 ret.
170 636 301 682 Memorem
317 636 372 695 ergo
388 648 413 679 se
427 635 532 695 praecepti
547 634 602 695 ejus,
622 633 678 679 duos
697 634 763 679 simul

91 700 151 747 iiiios
170 714 218 746 non
238 698 411 745 commissurum·
423 698 447 743 in
466 698 535 743 aleam
551 692 606 759 ejus,
626 698 665 757 qui
680 713 762 759 propo-

92 772 193 817 neretur,
211 763 290 819 cssds3
311 765 342 816 et,
360 763 463 822 quoniam
479 764 584 824 majorem
599 760 670 807 filium
686 776 762 808 secum

93 830 194 881 duceret,
210 827 319 873 minorem
332 828 359 873 ad
370 826 464 872 subsidio
474 827 520 887 spei
531 834 554 873 et
564 826 687 871 custodiam
699 828 762 887 regni

15 930 16 933 η
93 894 241 941 remissurum
251 892 275 937 in
286 888 442 937 Macedoniam
452 889 529 937 esse''
553 890 608 936 Non
615 890 704 937 fallebat
711 891 762 937 Do-

15 958 16 983 ³
93 958 208 1010 metrium,
220 956 316 1017 ablegari
327 970 357 1009 se,
369 970 398 1001 ne
408 956 495 1002 adesset
505 955 604 1008 consilio,
616 970 667 1001 cum
675 956 699 1000 in
707 970 762 1001 con-

15 1042 16 1053 *
95 1030 175 1083 spectu
190 1022 291 1066 locorum
307 1020 448 1073 consultaret,
466 1016 510 1079 qui
524 1019 625 1081 proxime
639 1020 719 1065 itinera
733 1020 762 1065 ud

15 1122 17 1141 ,
95 1101 158 1132 mure
178 1084 317 1131 Adriaticum
336 1090 402 1143 utque
424 1082 511 1129 Italiam
533 1079 645 1137 ducerent,
667 1099 763 1144 quaeque

93 1150 146 1197 belli
165 1148 223 1195 ratio
241 1154 301 1194 esset
317 1146 405 1194 futura:
431 1148 470 1193 sed
488 1162 534 1193 non
553 1148 625 1194 solum
640 1148 761 1209 parendum

94 1216 153 1276 putri
166 1220 223 1265 tum,
241 1212 280 1259 sed
294 1211 360 1258 etism
374 1212 537 1259 assentiendum
551 1219 604 1265 erat,
622 1226 651 1258 ne
666 1211 762 1257 invitum

94 1292 175 1341 purete
189 1276 336 1337 suspicionem
349 1274 438 1322 fuceret
474 1275 510 1323 Ut
519 1283 594 1322 tamen
604 1276 647 1321 iter
657 1276 678 1321 ei
688 1283 762 1322 tutum

95 1344 119 1389 in
138 1341 297 1389 Macedoniam
316 1346 381 1393 esset,
401 1339 481 1392 Didus,
501 1354 530 1385 cx
548 1340 679 1401 praetoribus
695 1341 763 1401 regiis

95 1421 162 1460 unus,
179 1406 218 1466 qui
229 1404 329 1450 Poeoniae
342 1410 442 1464 praeerst,
454 1405 532 1465 Jussus
546 1411 581 1449 est
593 1404 696 1464 prosequi
711 1420 763 1449 eum
809 1412 813 1418 “

96 1486 148 1517 curn
159 1470 248 1515 modico
258 1468 366 1530 praesidio.
402 1467 473 1513 Hunc
483 1482 571 1527 quoque
586 1467 689 1520 Perseus,
706 1468 763 1513 sicut

95 1536 214 1597 plerosque
223 1534 292 1595 putris
302 1532 429 1584 amicorum,
445 1546 474 1577 ex
484 1547 528 1592 quo
539 1531 597 1578 haud
610 1532 699 1577 dubium
715 1532 763 1577 cui-

96 1614 164 1661 quam
173 1610 222 1645 esse
229 1603 333 1658 coeperst,
343 1596 370 1643 sd
378 1611 450 1657 quem,
460 1596 492 1641 its
498 1596 603 1642 inclinato
611 1596 671 1657 regis
679 1596 761 1650 animo,

96 1663 215 1710 haersditss
225 1662 289 1723 regni
298 1662 424 1723 pertineret,
439 1660 637 1721 interconjuratos
652 1660 675 1705 in
688 1660 763 1707 fratris

95 1728 217 1790 perniciem
231 1726 313 1771 habuit.
348 1724 377 1771 In
392 1725 510 1787 praesentis
523 1725 561 1771 dut
576 1725 597 1771 ei
610 1725 719 1780 mundsts,
736 1733 763 1773 ut

96 1808 137 1854 per
148 1805 216 1837 omne
230 1790 358 1851 obsequium
372 1790 494 1835 insinuaret
508 1804 532 1836 se
545 1790 649 1850 in'qusm
663 1792 761 1837 maxime

96 1856 227 1902 familiarem
238 1869 309 1908 usum,
326 1861 352 1899 ut
362 1854 441 1901 elicere
453 1854 528 1901 omnis
541 1869 627 1908 arcens,
644 1856 763 1916 speculari·

98 1936 142 1981 que
154 1919 240 1965 abditos
254 1920 301 1980 ejus
316 1932 402 1971 sensus,
417 1924 499 1978 posset
534 1917 571 1965 Its
580 1919 702 1979 digreditur
711 1918 763 1965 De·

98 1984 191 2032 metrius
208 1997 259 2032 cum
274 1981 429 2049 infestioribus,
445 1983 547 2043 quamsi
562 1984 622 2029 solus
636 1983 685 2037 iret,
702 1997 762 2043 pras-

99 2050 166 2095 sidiis.

131 2108 218 2159 xle
238 2109 358 2173 Phiiippus,
374 2110 495 2157 Maedicsm
504 2111 608 2172 primum,
620 2111 699 2157 deinde
709 2111 763 2157 soli·

99 2178 187 2225 tudines
204 2176 357 2237 inteszcentes
375 2174 482 2222 Maedicae
499 2182 565 2235 utque
584 2173 670 2221 Haemo
688 2183 762 2221 nans

99 2256 197 2305 gressus,
217 2240 315 2301 septimis
334 2240 422 2285 demum
441 2240 519 2285 castris
537 2238 565 2284 sd
580 2239 664 2287 radices
679 2241 763 2286 montis

99 2306 206 2370 pervenit
243 2302 278 2351 ibi
296 2318 365 2351 unum
384 2310 483 2350 moratus
501 2303 559 2349 diem
577 2304 606 2349 sd
624 2304 760 2365 deligendos,

100 2386 155 2433 quos
174 2370 264 2415 duceret
284 2382 367 2422 secum,
389 2368 455 2413 tertio
473 2368 509 2413 die
525 2367 569 2414 iter
585 2376 621 2415 est
638 2368 759 2429 ingressus

100 2434 205 2490 Modicus
215 2433 286 2495 primo
297 2433 359 2479 labor
373 2432 397 2477 iu
410 2432 461 2479 imis
474 2431 566 2478 collibus
579 2430 635 2478 fuit:
653 2440 762 2492 quantum

99 2500 122 2545 in
130 2498 269 2557 ¹altitudinem
282 2497 456 2559 egrediebantur,
472 2496 545 2557 magis
558 2497 673 2557 magisque
683 2496 762 2541 silves·

99 2564 140 2617 tis
157 2570 181 2609 st
198 2563 301 2624 pleraque
317 2561 378 2609 iovis
391 2560 442 2607 iocs
457 2560 601 2621 excipiebant
635 2556 763 2607 Pervenere

101 2626 177 2675 ddnde
187 2626 210 2675 in
221 2634 266 2675 uun
277 2640 370 2688 opicum
381 2625 430 2679 iter,
442 2630 474 2678 ut,
486 2638 534 2686 prae
543 2623 652 2672 dsunnte
659 2623 768 2684 ruborum*
