1892 2909
205 102 209 109 '
256 102 688 159 T.L1vr·1Lo.xL11.Cmoc.
727 174 730 181 γ
758 110 807 159 flii

142 236 295 283 &ermecinis
308 235 410 289 ruerunt,
425 236 810 299 Romaasquidemebulrimide·

143 300 269 361 speratione
279 307 390 348 recreatus
401 309 435 348 est
443 303 542 348 animus:
558 302 661 357 Perseus,
672 305 706 351 cui
713 304 822 366 primum*
894 316 903 331 “

136 365 331 419 omniumfnerat,
343 373 375 419 ut,
388 374 507 413 contentus
515 366 608 414 fortuito
616 383 726 421 successu,
739 366 822 431 captia

143 430 228 490 aliquot
237 430 433 477 frumentatoribus
439 432 569 492 occisisque,
576 446 624 481 non
632 439 713 479 tereret
721 440 809 495 tempus

142 494 167 538 in
177 495 292 541 obsidione
301 495 414 556 praeaidii3
431 496 560 550 secundum,
579 495 606 543 ei
622 512 711 557 quoque
725 495 810 547 tentati

143 566 270 619 utcumque,
288 576 340 606 cum
357 561 424 607 sciret
440 562 495 607 nihil
506 562 590 616 roboris
601 577 676 608 secum
687 576 744 615 esre,
757 563 809 611 dum

142 623 220 670 liceret
228 626 321 678 intacto,
332 625 405 683 abire5
422 626 503 688 etipse
513 627 611 673 hostium
622 627 749 681 adventum,
764 627 810 673 ela-

142 694 180 733 tus
190 704 302 742 successu,
318 691 407 740 mansit,
424 698 454 743 et.
469 692 507 753 qui
521 688 654 753 phalangem
665 698 808 745 arcesserent.

141 768 235 814 propere
252 754 327 816 misit:
346 753 391 815 qui
400 762 424 801 et
434 757 505 803 serina
519 772 585 817 quam
597 772 632 803 res
643 756 774 818 mouebat
787 763 811 805 et

141 818 224 878 raptim
235 816 292 872 acti,
303 820 385 867 turbati
395 835 462 866 cursu
469 822 575 868 adversus
587 822 709 869 instructos
719 828 742 869 et
752 836 811 883 prae·

113 934 116 939 ,
142 890 232 943 paratos
241 891 305 929 erant
315 885 437 932 adventuri.
473 884 561 933 Consul
571 888 715 933 anteveniens
723 894 809 933 extem-

141 948 181 1007 plo
190 948 295 1007 proelium
306 950 425 995 conseruit.
452 948 531 997 Primo
541 952 644 999 resistere
655 951 809 1009 Macedones;

142 1011 268 1063 deindeut
275 1011 336 1059 nulli
346 1028 371 1059 re
380 1028 444 1074 pares
455 1022 525 1067 erant,
533 1016 623 1061 omissis
634 1017 740 1063 trecentis
747 1016 809 1077 pedi-

142 1075 209 1130 trims,
222 1076 303 1137 viginti
312 1085 406 1138 quatuor
412 1078 544 1139 primoribus
552 1080 652 1137 equitum
664 1078 808 1139 exaliquam

135 1140 236 1188 -sacram
243 1149 333 1195 vocant,
343 1142 404 1187 iuter
413 1157 470 1201 quos
478 1142 628 1189 Antimachus
637 1142 705 1189 etiam
715 1143 808 1203 praefec-

142 1213 180 1253 tus
191 1206 233 1253 alae
243 1206 329 1259 ecidit,
341 1207 401 1253 abire
411 1214 528 1253 conantur.
556 1205 678 1261 Caeterum,
688 1208 730 1253 iter
739 1223 809 1270 prope

141 1271 281 1332 ipsoproelio
293 1271 452 1320 tumultuosius
462 1271 511 1317 fuir.
548 1270 657 1324 Phalanx,
675 1272 714 1317 aba
725 1273 810 1333 trepido

143 1336 223 1381 nunno
242 1336 320 1389 accita,
338 1351 390 1382 cum
401 1337 480 1397 raptim
497 1336 621 1390 duceretur,
638 1336 711 1396 primo
727 1337 751 1383 in
770 1352 811 1383 aa·

141 1400 225 1462 gustiis
240 1400 378 1461 captivomm
393 1401 479 1462 agmini
497 1401 576 1454 oblata,
596 1400 748 1461 vehiculisque
763 1400 811 1449 sru-

142 1471 220 1512 mento
236 1465 336 1511 onustis:
357 1464 395 1525 [fis
404 1463 489 1529 cesis]
500 1466 583 1527 ingens
599 1465 630 1510 ibi
643 1466 732 1511 vexatio
742 1468 811 1527 partia

143 1529 260 1589 utriusque
269 1528 318 1583 fluit,
328 1530 391 1576 nullo
398 1528 629 1594 aspectanteldum]
641 1538 761 1591 utcumque
771 1545 812 1577 ex·

144 1592 264 1654 plicaretur
273 1609 364 1655 agmen,
376 1595 415 1641 sed
425 1596 515 1642 armatis
526 1595 693 1642 detrudentibus
704 1611 744 1657 per
753 1610 812 1658 prte-

142 1673 197 1719 ceps
206 1658 365 1720 impedimenta
371 1676 380 1716 ς
397 1661 540 1721 nequeenim
551 1661 615 1707 aliter
625 1660 662 1706 via
678 1661 756 1722 aperiri
768 1676 810 1722 po·

143 1730 214 1780 terat5
223 1725 340 1784 Jumentis
352 1740 404 1771 cum
415 1725 588 1780 simularentur,
598 1726 621 1771 in
629 1724 693 1771 turbi
701 1726 813 1773 saevienti.

143 1788 193 1834 bus.
228 1787 276 1834 Vix
286 1790 314 1835 ab
324 1790 437 1837 incondito
452 1792 542 1852 agmine
556 1791 694 1851 captivorum
709 1792 812 1853 expedie-

80 1850 86 1855 ’
143 1860 259 1907 tantaene,
267 1870 321 1900 cum
331 1856 395 1917 regio
402 1856 486 1917 agmini
497 1856 648 1918 perculsisque
655 1856 764 1915 equitibus
773 1870 811 1901 oc-

142 1925 244 1965 currunt.
284 1918 319 1965 Ibi
337 1935 392 1965 vero
406 1921 490 1967 clamor
504 1921 629 1984 Jubantium
646 1918 728 1967 referre
746 1920 811 1982 signa

143 1983 216 2030 minae
226 1998 316 2045 quoque
325 2000 395 2047 prope
405 1986 500 2031 similem
511 1986 679 2047 trepidationem
690 1984 760 2041 fecit.;
776 1991 810 2037 ut,

144 2048 164 2092 ri
182 2049 266 2102 hosta,
286 2049 378 2115 introire
396 2050 512 2112 angustias
530 2051 587 2104 susi,
606 2050 695 2110 longius
717 2048 811 2095 insecuti

143 2121 228 2166 essent,
248 2128 329 2175 magna
347 2115 422 2161 clades
437 2116 506 2177 accipi
521 2114 624 2177 potuerit
661 2112 756 2166 Consul,
777 2128 812 2159 re-

145 2184 211 2237 cepto
221 2192 251 2223 ex
260 2179 348 2225 tumulo
354 2180 466 2240 praesidio,
476 2186 594 2225 contentus
601 2177 690 2225 modico
699 2190 811 2233 successu,

63 2282 66 2285 Α
144 2241 169 2286 in
181 2250 253 2288 castra
267 2244 342 2304 copias
360 2244 456 2289 reduxit
489 2246 554 2298 Sunt,
572 2244 611 2304 qui
630 2258 657 2289 ec
676 2243 712 2289 die
728 2258 812 2307 magno

145 2307 226 2367 proelio
236 2315 359 2368 pugnatum
376 2318 479 2355 auctores
495 2310 554 2355 sint:
574 2316 626 2355 octo
636 2308 705 2354 millia
715 2309 813 2354 hostium

144 2385 213 2424 caesa,
223 2372 247 2416 in
258 2372 292 2417 his
303 2373 422 2433 Sopatrum
433 2380 457 2419 et
469 2372 621 2435 Antipatrum,
640 2373 715 2434 regios
722 2372 810 2419 duceri
873 2392 878 2399 =

143 2436 211 2481 τίνω
221 2443 298 2497 captos
307 2436 395 2484 circiter
402 2437 448 2483 duo
457 2438 528 2484 millis
536 2438 686 2499 octingentos,
699 2438 764 2499 signa
771 2436 814 2482 mi·

143 2500 218 2547 litaria
233 2507 297 2562 rapta
312 2501 394 2562 viginti
410 2509 574 2563 septemz'ncc
587 2504 727 2548 instruentem
742 2501 815 2547 ricto·

145 2564 293 2614 mnium:
311 2575 485 2629 rapraqaatuar
498 2566 723 2614 milliaettreceatos
734 2566 761 2612 de
774 2579 814 2611 ex·

210 2632 223 2656 1
