1892 2909
226 96 255 146 Τ.
269 96 358 146 LlVll
373 98 427 145 Lu.
441 96 511 145 XLI·
531 96 591 147 Cer·
605 101 644 145 28.
724 98 770 141 155

101 235 126 277 et
136 226 279 291 elegantioris
290 226 363 275 cultile
373 224 536 274 ail'eetationern
546 225 658 273 muliebris
672 223 768 277 enimus,

12 344 13 351 χ
102 298 183 341 nectua
195 306 224 339 ex
238 290 352 339 affluentia
365 307 432 354 opum
447 290 572 353 cupiditati·
585 291 727 342 irritamenta,
744 287 768 333 ln

102 364 191 403 numum
208 356 338 403 immodicos
357 364 424 417 atque
441 356 464 401 iu
482 355 592 402 luxuriam
610 356 767 416 prolaberetur.

103 435 129 467 ae
140 420 220 467 deinde
231 418 326 483 epriecrl
336 419 430 467 tortam
440 420 558 467 sanctitate
573 420 710 471 decime
726 432 769 464 nee

103 485 177 531 minor
187 484 251 531 fieret
261 500 356 537 morum,
368 500 435 545 quam
446 484 526 537 cultus,
542 485 642 530 mutatio.
678 482 769 529 Hiein-

104 550 227 595 commodis
238 550 325 596 obviam
335 550 368 596 ire
381 549 458 595 statuit
473 548 505 602 Q„
515 548 632 594 Voconius
647 548 713 600 Saxa,
729 546 770 591 tri-

103 614 177 661 bunun
189 614 265 675 plebio,
283 614 378 673 tulitque
389 613 418 659 ad
429 614 549 675 populum:
572 620 587 642 ⁴⁸
595 612 634 658 Ne
648 612 705 672 quie,
722 610 768 669 qui,

104 686 156 739 poet
174 676 206 724 A.
219 677 369 731 Postumium,
390 677 422 731 Q„
436 676 541 724 Fulvium
560 692 669 729 censores,
690 688 771 721 censue

104 749 171 797 erret,
194 742 306 789 heredem
322 742 440 804 uirgineo,
461 756 518 789 nere
536 742 651 789 mulierem
668 739 767 794 faceret:

105 820 162 853 neve
172 806 211 851 ulli
222 806 311 869 virgini,
327 807 365 853 vel
374 806 467 859 mulieri,
482 806 541 852 bona
554 808 683 867 cqjuequem
693 804 771 850 liceret

104 870 234 919 haereditate
244 871 355 933 percipere
366 871 424 920 ultra
433 878 525 917 centum
534 869 603 917 millia
615 866 770 944 eeetertissm05'

106 934 151 985 sed
162 942 185 982 et
196 935 318 981 cavendum
328 950 417 996 quoque
427 935 491 981 durrit
501 933 625 987 Voconius,
641 949 671 981 ne
682 947 771 995 megm-

105 1000 182 1047 tudine
194 999 319 1062 legatorum
330 1000 470 1047 haereditates
486 998 557 1063 (quod
566 998 632 1045 fiebat
646 995 769 1057 interdurn)

106 1064 281 1113 exhaurirentur.
316 1063 406 1129 Aydjecit
421 1064 491 1125 igitur
507 1063 626 1125 rogationi,
644 1062 707 1108 “Ne
721 1062 771 1123 quit

105 1128 156 1193 plus
172 1130 274 1190 cuiquam
288 1129 379 1191 legaret,
397 1143 463 1188 quam
479 1128 507 1174 ad
519 1126 630 1173 baeredem
643 1124 771 1173 baererlesve

134 1192 257 1241 rveniret‘'
282 1193 360 1253 Atque
370 1193 413 1238 hoo
423 1192 512 1254 quidem
522 1190 633 1253 posteriue
640 1190 697 1251 legis
705 1195 771 1249 eaput

115 1258 169 1307 anile
184 1274 209 1305 ee
222 1258 305 1320 populo
315 1256 427 1321 probabat,
445 1257 504 1317 quod
514 1264 538 1301 et
548 1255 699 1316 aequiesimm
710 1252 772 1299 vide-

107 1330 174 1376 retur,
187 1337 228 1369 uec
239 1322 341 1383 cuiquam
352 1336 488 1383 magnopere
498 1336 568 1382 greve
578 1326 644 1366 esset.
677 1316 716 1363 De
725 1316 772 1377 pri·

106 1403 151 1443 ore,
170 1402 214 1448 quo
230 1386 400 1433 removebantur
414 1382 504 1433 feminae
520 1386 548 1431 ab
564 1382 663 1429 omnium
680 1380 772 1429 omnino

104 1452 188 1515 ¹uirium
209 1450 381 1504 haereditatibus,
404 1450 562 1511 ambigebatur.
602 1446 772 1493 Dubitntionem

107 1516 190 1565 exemit
203 1515 240 1562 M.
253 1514 318 1568 Cato,
337 1516 457 1562 acerrimus
467 1516 516 1577 jam
532 1513 585 1559 olim
599 1512 623 1557 in
637 1500 774 1557 defendendi

105 1580 158 1643 lege
169 1579 242 1646 Oppia
252 1580 370 1626 mulierum
380 1579 519 1627 adversarius
529 1585 553 1625 et
562 1576 689 1637 caetigetor,
702 1575 740 1635 qui
750 1581 774 1621 et

107 1646 164 1693 bano
178 1660 267 1706 quoque
281 1644 371 1706 majoris
385 1644 494 1691 momenti
508 1642 614 1689 adversm
628 1640 676 1688 illae
689 1639 771 1701 legem,

107 1724 178 1757 mnes
190 1716 255 1757 natue
264 1708 362 1770 quinque
372 1716 396 1755 et
405 1709 527 1789 sexaginta,
542 1702 624 1767 magni
634 1720 690 1752 voce
701 1713 724 1751 et
733 1704 774 1750 bo-

108 1775 142 1823 nie
152 1774 257 1821 lateribus
268 1773 344 1826 sumit
357 1788 398 1835 pro
408 1774 474 1820 nolite
483 1772 601 1833 asperitate
611 1770 634 1816 in
644 1770 774 1819 muliebrem

106 1838 210 1886 inventus
227 1837 388 1900 impotentiam,
407 1836 602 1897 intolerandoeque
619 1836 643 1881 iu
662 1830 774 1896 opulentii

109 1904 210 1967 spiritur:
231 1917 282 1949 cum
297 1903 349 1948 hine
364 1918 451 1964 quoque
466 1908 570 1963 argueret
584 1900 677 1947 diuitum
690 1906 774 1947 metro.-

109 1982 187 2015 mrum
202 1966 285 2013 laetum
302 1972 325 2013 et
341 1967 498 2029 arrogantiam,
519 1972 535 1994 ‘⁴
546 1965 605 2025 quod
621 1964 673 2016 illm,
691 1957 775 2022 magni

110 2048 169 2095 raepe
179 2031 232 2078 dote
242 2031 322 2078 marito
332 2029 405 2085 allati,
421 2038 526 2093 magnam
541 2030 581 2075 nbi
591 2027 707 2089 pecuniam
718 2023 775 2069 reei-

109 2104 188 2159 perent
198 2111 223 2142 ac
234 2096 361 2150 retinerent,
373 2110 466 2156 eamque
476 2093 592 2156 pecunim
602 2093 634 2138 ita
640 2096 718 2152 pottea
725 2088 774 2134 viro

111 2160 198 2223 roganti
209 2168 309 2207 mutuam
321 2160 405 2213 darent,
417 2167 449 2213 ut,
462 2158 548 2219 quoties
559 2158 621 2203 iratae
631 2161 713 2207 errent,
729 2158 774 2198 eta·

111 2226 151 2271 tim
161 2241 201 2287 per
211 2224 349 2285 receptitium
361 2238 450 2270 nervum
465 2227 630 2269 consectantem
644 2227 668 2265 et
677 2216 776 2279 quotidie

111 2288 248 2351 flagitantem
257 2289 397 2342 solutionem,
409 2288 522 2340 maritum,
534 2293 646 2345 tamquam
654 2283 775 2330 debitorem

111 2362 248 2407 extrmeum,
262 2354 388 2415 importune
399 2348 533 2415 cogerent.”
561 2348 614 2395 Hac
623 2348 776 2410 indignatione

111 2418 216 2465 commoti
232 2418 313 2480 legem,
332 2418 364 2465 uti
380 2418 472 2479 rogabat
487 2414 610 2468 Voconius,
627 2411 775 2474 accipiendum

113 2490 253 2535 censuerunt
265 2480 291 2546 ⁰]
