1892 2909
41 72 45 85 ·
117 53 153 99 18
210 48 241 96 T.
256 45 344 97 mvn
361 42 561 118 Luxinium,
575 41 698 96 ΜΠ..

118 197 170 231 mos
180 186 275 233 vestros,
291 194 343 225 cum
358 178 506 226 demolientes
517 192 560 224 nos
575 174 733 229 Bsoobunnliu,
749 173 798 221 dis·

118 248 274 305 cutientesque
284 243 381 291 nefarios
389 250 469 297 coetus,
482 243 610 291 cerneretis.
638 240 730 295 Omnis,
742 235 802 286 Diis

119 312 219 375 propitiis
229 310 407 369 volentibusque,
424 308 581 355 erfeciernus:
601 308 646 368 qui,
662 306 717 367 quin
723 320 797 357 suum

120 391 205 423 numen
222 375 340 422 sceleribus
355 374 527 435 libidinibusque
542 372 690 420 contaminari
703 370 799 432 indigne

120 442 227 495 ferebant,
240 455 269 485 ex
280 440 373 487 occultis
385 454 411 485 ea
418 441 516 485 tenebris
522 440 547 485 in
554 440 627 485 lucem
636 442 804 487 extruxeruntr·

120 523 163 561 uec
174 506 281 569 patefieri,
294 512 319 551 ut
329 504 439 566 impunita
449 511 532 557 essent,
545 504 586 551 sed
595 512 620 549 ut
630 503 800 549 vindicarentur
877 558 881 563 ι

122 580 145 620 et
164 572 348 646 opprimerentur,
370 570 497 616 voluerunt.
533 570 630 617 Senatus
647 567 804 628 quaestionem

121 644 186 686 extre
197 637 298 683 ordinem
308 635 337 682 de
348 632 375 681 eri
386 650 410 681 re
420 635 474 681 mihi
485 635 624 696 collegaeque
638 648 690 679 meo
704 631 804 678 mundn-
886 630 893 637 '

122 704 170 750 vit:
191 718 239 755 nos,
252 716 302 761 quae
313 700 367 762 ipsis
378 700 441 746 nobis
452 699 540 762 ngeudn
551 706 610 754 sunt,
626 698 723 760 impigre
732 711 804 744 ase-

52 820 54 823 ,
122 782 224 829 quemur.
254 765 389 827 Vigiliarum
401 774 560 813 nocturnarum
571 780 648 811 curem
659 779 699 825 per
711 761 810 826 Urbem·

123 834 246 879 minoribus
260 831 426 892 mgistratibus
441 831 603 880 mundavimus·
638 828 689 875 Vos
699 844 800 889 quoque,

125 912 216 958 aequum
227 904 268 949 est,
281 911 332 957 quoe
343 902 418 943 vestro
428 897 506 942 munio
516 902 575 956 sunt,
587 910 634 955 quo
644 894 738 954 quisque
747 893 806 940 loco,

124 963 210 1026 positus
227 962 275 1014 en't,
293 961 353 1022 quod
367 961 516 1023 imperabitur,
534 960 630 1021 impigre
644 965 758 1021 praestnre,
776 968 804 1006 et

124 1028 177 1075 dure
193 1042 290 1089 operam,
311 1041 340 1073 ne
355 1026 408 1086 quid
423 1025 502 1075 froude
516 1025 636 1072 noxiorum
652 1024 743 1086 periculi
760 1035 820 1071 aut·

125 1093 236 1141 tumultus
247 1090 358 1138 oriatur.'’

160 1155 245 1203 XVII.
262 1156 363 1203 Recitari
373 1156 453 1203 deinde
464 1155 668 1203 senatus-consultu
673 1156 807 1217 jussemus.

126 1223 237 1283 iudicique
247 1222 364 1283 praemium
374 1229 546 1283 proposuerunt,
562 1221 581 1267 si
595 1220 646 1281 quis
658 1236 726 1281 quem
736 1220 766 1268 ud
776 1236 804 1268 se

127 1288 262 1341 deduxisset,
279 1301 390 1333 nomenve
405 1287 503 1333 absentis
515 1285 637 1333 detulisset.
673 1284 749 1339 “Qui
760 1300 809 1331 no-

41 1391 43 1395 .
128 1354 225 1405 minutus
233 1350 376 1413 profugisset,
387 1350 445 1397 diem
452 1359 536 1397 certum
543 1350 689 1409 selinituros3
700 1351 808 1411 sdqunnn

129 1418 171 1465 nisi
182 1418 262 1464 citatus
273 1416 429 1477 respondisset,
441 1417 521 1463 absens
531 1416 679 1463 damnaretur.
717 1416 744 1463 Si
752 1418 809 1477 quis.

130 1498 214 1535 eorum,
227 1482 264 1542 qui
275 1488 323 1527 tum
335 1488 398 1527 extro
409 1488 491 1529 terrem
503 1480 591 1527 Italiam
601 1488 684 1535 essent,
698 1482 808 1529 nominos

130 1556 198 1601 retur,
215 1547 235 1593 ei
245 1546 353 1592 laxiorem
364 1546 422 1592 diem
438 1546 536 1599 daturos,
553 1545 571 1591 si
586 1546 663 1595 venire
673 1545 701 1593 ud
712 1562 807 1594 causum

130 1612 245 1660 dicendam
257 1610 351 1657 vellet.’'
385 1610 513 1657 Edixerunt
523 1610 609 1664 deinde,
625 1618 641 1639 “
650 1626 679 1659 ne
690 1612 740 1673 quis
750 1612 810 1673 quid

129 1676 192 1741 fugae
207 1674 274 1724 cousi
287 1676 419 1729 vendidisse,
438 1690 496 1723 neve
509 1676 591 1723 emisse
605 1676 685 1723 veliet:
708 1692 738 1723 ne
753 1678 806 1738 quis

131 1744 244 1804 reciperet,
257 1741 344 1794 celaret,
361 1756 404 1802 ope
414 1738 459 1787 ulli
465 1742 556 1803 juvaret
565 1740 706 1803 fugientes.”
740 1739 809 1789 Con-

131 1808 196 1857 cione
214 1803 312 1860 dimissi,
332 1813 404 1852 terror
420 1820 517 1868 mugnus
534 1805 599 1853 Urbe
616 1804 665 1852 tots
680 1806 737 1853 fuit:
763 1821 810 1855 neo

131 1872 243 1919 moenibus
259 1886 284 1917 se
298 1878 384 1917 tentum
400 1870 460 1917 urbis
471 1877 510 1917 aut
519 1870 600 1917 finibus
611 1870 722 1919 Romanis
732 1874 808 1920 conti-

131 1937 195 1995 nuit3
213 1936 252 1984 sed
261 1937 344 1999 passim
359 1950 399 1997 per
413 1942 484 1982 totam
496 1934 592 1989 Italiam,
609 1937 680 1983 literis
692 1939 812 2001 bospibrm

132 2002 160 2049 de
172 2001 384 2054 senatus-consulto,
401 2008 424 2048 et
438 2001 554 2056 concione,
570 2009 594 2048 et
603 2002 677 2048 edicto
687 2004 810 2053 consulum

132 2069 236 2129 acceptis,
253 2066 356 2129 trepidari
371 2072 470 2127 coeptum
481 2074 523 2114 est.
559 2066 630 2113 Multi
640 2065 667 2113 erl
678 2075 744 2115 nocte
754 2084 811 2129 qua

133 2132 192 2187 diem
202 2132 304 2179 insecuta
314 2138 355 2185 est,
368 2146 412 2191 quo
423 2131 447 2177 iu
455 2132 564 2179 concione
572 2148 607 2178 res
614 2133 687 2195 polum
695 2133 755 2180 t'nctn
760 2142 806 2189 esi,

133 2196 240 2245 custodiis
257 2196 316 2243 circs
331 2204 406 2257 portus
422 2196 508 2258 positis,
524 2197 638 2259 fugientes
653 2213 668 2243 s
683 2199 807 2247 triumviris

133 2261 287 2324 comprehensi
302 2268 325 2307 et
339 2260 424 2307 reducti
439 2267 505 2308 sunt:
527 2262 649 2309 multorum
664 2264 757 2311 nomios
766 2265 807 2313 de·

131 2326 185 2375 hta.
225 2325 323 2380 Quidum
343 2340 372 2371 ex
390 2327 417 2372 iis
436 2327 479 2373 viri
496 2326 632 2389 femineoque
650 2336 748 2376 mortem
766 2332 809 2378 sibi

134 2390 298 2445 consciverunt
335 2388 471 2454 Conjurissc
486 2407 553 2454 supra
566 2401 651 2454 septem
667 2394 736 2441 millis
746 2396 808 2444 viro-

134 2470 185 2504 rum
201 2470 227 2501 nc
243 2455 361 2503 mulierum
376 2456 511 2504 dicebantur.
548 2456 629 2519 Capito
640 2466 715 2506 sutem
728 2463 809 2525 conju·

134 2519 227 2573 rationis
243 2522 359 2569 constnbst
375 2536 431 2577 esse,
452 2520 489 2568 M.
507 2529 531 2569 et
546 2520 575 2570 C·
593 2523 685 2571 Atinios
698 2525 729 2572 de
744 2526 810 2589 plebs

134 2581 247 2673 Romi,
270 2592 293 2635 ct
312 2585 426 2637 Faliscum
445 2584 474 2635 L.
492 2587 642 2651 Opiternium,
665 2596 689 2640 et
706 2589 811 2641 Minium
