1892 2909
220 128 250 183 T·
263 126 354 183 Lwn
369 126 422 179 Ln-
436 126 564 179 xxm.
581 126 642 179 Cu.
655 132 683 177 6.
770 132 787 179 '1

114 260 197 315 ndis,
207 260 409 322 qnoAmbrseism
420 260 522 322 cepistet,
533 260 637 307 vovisse:
650 260 731 311 inesm
742 272 794 306 rm

115 328 159 381 ὢ·
167 334 258 375 emtum
265 326 341 388 pondo
350 326 398 373 nuri
405 340 419 372 u
427 325 553 377 cinuubus
561 325 678 375 sonuum.
700 324 791 379 Petere,

115 390 222 449 utexsi
235 389 342 453 pecuniis,
356 406 423 451 quern
438 391 461 437 in
476 389 793 453 triumpbolutminaerurio

114 458 230 521 positurus
238 463 308 509 esset,
320 456 344 503 id
354 472 432 505 aurum
441 457 525 503 secerni
529 453 661 518 juberent'‘
695 455 793 503 Senatus

114 522 249 592 pontificum
269 522 389 583 collegium
412 521 499 575 consuli
513 522 589 583 jussit,
609 536 664 575 nuru
684 536 753 567 omne
769 519 793 570 id

115 602 196 640 ursum
207 588 232 636 in
243 586 309 641 imm
318 587 422 645 ‚consumi
434 601 551 633 necessum
561 594 628 639 esset.
645 625 648 630 .
664 581 726 633 Cum
735 599 794 646 pun-

115 652 188 699 tilices
198 650 328 713 negissent,
346 653 375 698 nd
386 652 516 713 religionen
527 652 644 713 pertinere,
657 657 742 711 quanto
751 650 795 695 im-

114 716 371 781 pensuinludosfieret5
383 724 473 769 senatus
481 716 569 770 Fulvio,
578 724 686 777 quantum
693 711 795 779 [vellet]

116 783 265 845 impenderet.
277 782 385 843 permisit,
397 782 450 829 dum
462 796 491 827 ne
502 797 612 828 summam
622 782 736 842 octoginta
744 778 796 833 mil-
852 784 859 791 '

117 848 174 897 lium
183 846 310 895 excederet.
345 846 494 912 Triumpbure
503 861 581 893 mense
591 846 699 895 Junuerio
711 852 798 897 ustum

119 920 168 959 rut:
189 912 235 965 sed,
254 928 306 959 curn
322 912 425 963 audisset,
443 912 558 959 consulem
573 910 796 964 M.AEmiuum,1t-

120 979 175 1027 seris
191 978 272 1025 Aburii
287 977 368 1023 tribuni
382 977 452 1038 plebis
466 978 563 1038 deceptis
577 977 605 1023 de
620 973 712 1023 remissi
725 976 797 1021 inter-

122 1043 232 1096 cessione,
245 1043 326 1103 ipsum,
338 1042 366 1087 ad
377 1041 541 1103 impediendum
551 1042 688 1104 triumphum
696 1040 796 1088 Romam

122 1109 261 1163 seruientem,
288 1122 375 1169 aegrum
393 1107 416 1152 in
436 1106 472 1153 vii
494 1108 625 1159 substitisse,
652 1122 681 1153 ne
701 1106 752 1168 plus
772 1108 798 1151 in

123 1174 240 1235 triumpho
250 1172 396 1227 certumnum
407 1187 474 1232 quern
485 1172 510 1219 in
519 1172 577 1217 bello
591 1173 688 1225 nuberes,
700 1171 798 1232 praetullt

123 1238 232 1299 triumphi
240 1236 310 1291 diem.¹
331 1236 488 1298 Triumphauit
498 1237 618 1284 antediem
630 1238 740 1283 decimum
752 1234 801 1284 Cn-

123 1304 202 1358 lsndss
209 1301 330 1354 Jenuerias
338 1302 366 1347 de
374 1301 465 1353 AEtolis,
476 1310 498 1355 et
506 1301 534 1348 de
543 1300 694 1363 Cephallenii.
714 1301 800 1348 Aureae

125 1382 224 1421 cerense,
243 1374 334 1419 centum
349 1366 464 1413 duodecim
480 1367 561 1428 pondo,
580 1375 632 1413 ante
646 1382 736 1413 currum
746 1367 801 1413 lutoe

126 1441 194 1480 mut:
209 1432 299 1493 urgenti
309 1431 383 1493 pondo
393 1431 463 1479 millia
473 1433 589 1493 octoginta
598 1432 655 1479 triu:
670 1433 717 1478 auri
725 1432 800 1493 pondo

126 1499 224 1551 ducenta
243 1496 388 1558 quadraginta
409 1498 464 1545 tria:
490 1497 677 1544 tetrudrecbmrim
696 1497 801 1550 Atticum

127 1571 220 1611 eentum
229 1561 353 1609 octodecim
364 1563 445 1611 millis:
465 1561 575 1623 Philippei
587 1563 672 1615 nummi
683 1561 801 1615 duodecim

128 1626 365 1688 miuruqmonngeuu
375 1628 455 1689 viginti
466 1627 524 1673 duo:
545 1628 610 1688 signu
624 1643 688 1675 aenea
705 1626 803 1675 dueeuu

129 1693 247 1755 octoginta
254 1693 364 1753 quinque:
379 1693 444 1754 signs
454 1708 580 1747 marmores
589 1692 685 1739 ducenta
693 1693 798 1753 triginta:

129 1773 204 1813 orma„
218 1758 269 1810 tels,
283 1767 364 1805 caetera
375 1758 444 1819 spolia
454 1757 559 1812 hostium,
572 1772 668 1819 magnus
679 1772 798 1804 numerus:

130 1823 220 1877 adhoc,
238 1822 363 1884 catapultae,
375 1823 476 1876 ballistae,
488 1829 602 1875 tormenta
611 1822 686 1869 omnis
695 1823 798 1884 generis:

131 1888 207 1942 dircen
225 1895 263 1933 eut
278 1887 352 1933 AEtoli
369 1896 392 1935 et
407 1886 561 1949 Cephallenes,
579 1895 618 1934 unt
635 1888 690 1949 regii
707 1889 735 1934 ab
751 1888 802 1940 An-

130 1954 208 2001 riccho
223 1953 253 1999 ibi
270 1952 347 2006 relicti,
365 1953 393 1999 ud
408 1960 492 2016 septem
507 1962 532 1999 et
545 1952 632 2014 viginti.
668 1952 758 1999 Multos
774 1968 804 2000 eo

131 2018 173 2071 die,
191 2017 320 2080 priusquam
335 2017 358 2063 in
370 2016 456 2075 Urbem
470 2019 620 2071 inveheretur,
638 2018 661 2063 in
671 2014 739 2064 Circo
751 2016 807 2067 Flu

132 2083 203 2135 minio
215 2083 322 2135 tribunos,
339 2082 465 2144 praefectos,
483 2084 575 2144 equites,
592 2083 740 2136 centuriones,
753 2082 805 2129 Ro-

133 2162 212 2195 menos
224 2148 347 2207 sociosque,
365 2148 429 2195 donis
439 2148 570 2197 militaribus
580 2148 684 2194 donavit:
699 2148 805 2195 militibus

135 2210 249 2274 sxpraedi
260 2212 350 2259 vicenos
361 2213 441 2273 quinos
451 2213 555 2261 denarios
564 2212 646 2269 divisit,
658 2213 742 2274 duplex
751 2228 805 2259 oen-

134 2278 224 2331 curioni,
237 2278 318 2339 triplex
328 2278 404 2338 equiti.

167 2340 213 2387 VI.
232 2341 285 2390 Juni
299 2342 448 2389 consularium
464 2343 605 2392 comitiorum
620 2344 736 2406 appetebat
748 2350 807 2392 ten-

132 2423 191 2470 pus;
208 2408 286 2467 quibus
302 2408 354 2468 quia
367 2408 404 2453 M.
417 2408 532 2460 AEmilius,
550 2410 613 2470 quus
631 2408 697 2463 sortis
711 2423 742 2459 es
753 2421 810 2458 curs,

134 2479 190 2529 pret,
208 2486 323 2520 occurrere
334 2487 379 2519 non
390 2474 469 2533 potuit,
484 2470 512 2519 C.
524 2471 647 2529 Flaminius
658 2471 758 2519 Romam
765 2487 810 2523 ve,

133 2537 175 2585 nit·
211 2536 249 2582 Ab
262 2552 290 2583 eo
302 2537 372 2586 creati
386 2536 490 2583 consides
505 2536 544 2596 Sp-
555 2535 687 2581 Postumius
701 2536 806 2583 Albinus,

135 2600 171 2654 Q,
182 2600 286 2651 Marcius
295 2600 418 2662 Philippus.
454 2598 568 2645 Praetores
579 2598 693 2645 indefecti
704 2596 734 2641 T.
745 2595 809 2641 Mae*

136 2665 195 2723 ihr·
212 2664 246 2723 P,
261 2663 381 2723 Cornelius
400 2664 469 2721 Sulis,
488 2661 524 2714 C„
535 2660 672 2723 Gripurnius
687 2659 750 2710 Piso,
767 2653 811 2701 M..
