1892 2909
236 110 266 157 Τ.
279 108 368 158 L1v11
384 104 437 157 lm
451 108 549 158 XL111.
569 108 629 159 car.
645 114 684 157 ts.
750 110 799 157 ass

129 234 291 302 ersopamhs
301 241 330 287 sb
338 237 456 287 Thomna
465 247 555 287 montes
566 240 623 287 nivis
633 238 727 287 altitudo
736 237 799 292 fuit,

129 306 271 354 ocousiouem
278 320 328 353 osse
335 313 397 353 ratus
405 303 523 367 frangendi
533 304 678 353 finitimorum
690 320 740 369 spes
751 303 800 351 uni·

128 386 230 432 mosque,
248 372 290 434 (ne
306 369 367 431 quid,
384 384 463 416 averso
483 384 508 416 se
523 370 547 417 ln
563 368 692 418 Romanum
707 369 808 422 beilum„

128 436 221 499 periculi
240 437 353 492 subesset3
370 449 421 481 cum
438 450 452 481 a
467 432 564 483 Timoli
580 449 658 497 pacem
675 432 754 496 Cotys,
772 433 800 483 ab

130 499 203 561 Epiro
214 497 328 561 Cephalus
338 497 452 561 repentini
462 498 587 546 defectione
597 515 611 545 a
621 498 731 546 Romanis
741 512 801 560 prte-

130 570 223 618 starent,
240 564 361 611 Dardanos
373 578 451 610 recens
462 564 584 614 domuisset
598 564 663 617 bello,
681 563 753 609 solum
764 563 801 609 in-

129 628 213 676 festum
228 644 278 677 esse
292 628 435 676 Macedoniae
450 630 516 683 latus,
533 630 594 690 quod
609 630 637 675 ab
653 627 745 689 illyrico
759 641 800 691 ps·

129 702 194 748 teret,
212 704 319 750 cernens3
337 708 409 754 neque
422 694 476 756 ipsis
487 694 566 755 quietis
578 693 669 755 Illyriis,
681 702 704 740 et
715 693 800 741 editum

129 760 278 822 praebentibus
290 756 432 823 [Romanis]
444 760 462 805 si
478 760 599 806 domuisset
613 759 728 821 proximos
743 756 801 819 Illy-

129 826 222 877 riorum,
240 824 350 871 Gentium
365 838 455 884 quoque
469 840 545 886 regem
557 826 605 887 jam
621 824 658 870 diu
674 825 764 871 dubium
774 824 800 871 in

129 890 260 937 societatem
267 889 340 950 pellici
349 887 427 950 posse)
439 904 491 935 cum
502 890 578 936 decern
587 890 683 937 millibus
690 891 798 951 peditum,

129 968 225 1016 quorum
235 969 287 1014 pars
297 954 431 1016 phalangitae
442 962 512 1007 erant,
530 962 553 1001 et
564 956 649 1001 duobus
660 956 756 1002 millibus
766 956 800 1003 le-

129 1021 193 1066 vium
210 1025 352 1073 minutorum,
370 1027 393 1065 et
409 1019 538 1081 quingentis
555 1020 665 1080 equitibus
678 1020 798 1083 profectus,

131 1084 249 1131 Stuberam
260 1083 330 1128 venit.
365 1082 422 1130 Inde
431 1083 545 1131 frumento
556 1085 702 1146 complurium
714 1086 800 1131 dierum

130 1155 213 1201 sumto,
221 1150 331 1210 jussoque
341 1156 447 1210 apparatu
457 1150 655 1211 oppugnandarum
666 1150 752 1196 urbium
764 1166 801 1197 se·

129 1214 175 1275 qui,
194 1213 261 1259 tertio
280 1213 315 1259 die
333 1213 362 1260 ad
382 1213 496 1260 Uscanam
517 1213 670 1277 (Penestianae
689 1221 755 1261 teme
774 1230 802 1262 eu

130 1279 228 1326 maxima
242 1279 295 1324 urbs
307 1276 354 1338 est)
369 1279 444 1340 posuit
454 1285 533 1325 castro.
559 1279 625 1325 Prius
636 1286 717 1333 tamen,
730 1294 799 1340 quam

128 1344 175 1390 rim
186 1342 323 1396 admoveret,
339 1344 421 1397 missis,
439 1344 477 1403 qui
488 1350 600 1389 tentarent
611 1358 671 1390 nunc
681 1344 800 1405 praeieeto-

128 1407 295 1469 oonprendi,
307 1421 367 1453 nunc
377 1407 537 1469 oppidanorum
549 1409 634 1455 animos
651 1409 710 1471 (erat
724 1417 800 1456 autem

128 1473 158 1519 ibi
169 1487 221 1518 cum
234 1473 354 1533 juventute
366 1470 494 1533 lllyriontm
505 1473 634 1519 Romanum
645 1473 800 1534 praesidiurn);

127 1544 247 1600 postquam
261 1536 316 1582 nibil
326 1536 398 1598 pecati
409 1537 539 1591 referebant,
552 1552 681 1599 oppugnare
692 1544 726 1584 est
734 1539 800 1585 ador-

127 1612 172 1655 tus,
190 1609 213 1648 et
230 1598 312 1647 ooroni
328 1614 377 1647 eam
394 1608 473 1664 capere
488 1609 582 1648 conatus
596 1610 637 1649 est.
674 1601 733 1651 Cum
750 1604 800 1652 sine

126 1667 291 1714 intermissione
304 1666 400 1712 interdiu
411 1674 523 1728 noctuque
537 1667 573 1713 alii
586 1667 634 1714 aliis
645 1668 797 1725 succedentes,

126 1747 178 1796 pars
186 1732 257 1778 scalas
266 1730 343 1784 muris,
360 1730 436 1792 ignem
446 1732 518 1794 portis
528 1730 642 1787 inferrent,
660 1734 800 1781 sustinebant

126 1806 203 1845 nmen
220 1810 269 1843 eum
286 1802 440 1857 tempestatem
458 1804 636 1859 propugnatores
655 1799 729 1856 urbis;
746 1800 799 1860 quia

125 1870 177 1925 opes
195 1868 249 1915 erat,
267 1875 339 1921 neque
353 1861 432 1907 hiemis
446 1862 493 1908 vim
505 1862 586 1908 diutius
598 1864 644 1925 peti
659 1863 799 1911 Macedonas

125 1928 246 2039 bitti
260 1925 557 2053 tttttottt‘ttt
574 1928 799 2054 ἏἛΞἭ

125 2071 192 2117 quarn
211 2058 289 2102 vineas
306 2054 351 2117 agi,
368 2062 485 2117 turresque
496 2056 595 2102 'excitari
610 2057 721 2109 viderunt,
738 2056 799 2105 victa

125 2121 246 2183 pertinacia
258 2127 307 2167 est:
327 2135 387 2174 nm,
404 2128 552 2183 praeterqutun
564 2122 624 2181 quod
634 2121 740 2168 adversus
751 2122 798 2169 vim

124 2200 191 2248 pares
207 2200 253 2231 non
269 2192 340 2239 eruut,
357 2199 386 2231 ne
400 2184 507 2233 frumenti
522 2185 612 2246 quidem
629 2193 668 2233 aut
685 2186 751 2232 ullius
766 2186 800 2233 al-

125 2249 196 2297 terius
203 2251 235 2296 rei
245 2250 309 2312 copia
319 2250 379 2295 intus
389 2257 443 2304 erat,
461 2258 487 2297 ut
498 2251 519 2296 in
532 2249 663 2311 necopinatd
674 2250 796 2299 obsidione.

125 2313 208 2376 Itaque
217 2330 269 2361 cum
280 2315 326 2376 spei
341 2314 395 2359 nihil
409 2315 437 2361 ad
451 2316 599 2362 resistendum
614 2322 681 2370 esset,
699 2314 728 2364 C·
741 2315 798 2365 car-

124 2380 191 2427 vilius
206 2380 334 2441 Spoletinus
348 2386 371 2425 et
386 2377 415 2435 C.
427 2379 535 2427 Afranius
550 2394 564 2427 a
578 2380 681 2442 praesidio
692 2380 799 2431 Romano

124 2444 195 2498 nissi,
212 2445 251 2506 qui
262 2460 275 2491 a
287 2441 370 2491 Perseo
379 2451 488 2506 peterent,
506 2444 585 2507 primo,
603 2452 629 2491 ut
639 2452 736 2493 armatos
747 2460 799 2493 suo·

124 2523 169 2572 que
184 2523 260 2556 secum
276 2507 373 2555 ferentes
388 2510 448 2555 abire
462 2510 546 2556 sineret
551 2524 559 2568 3
577 2509 635 2565 dein,
654 2511 672 2557 si
686 2510 709 2557 id
722 2511 798 2557 minus

124 2574 277 2638 impetrarent,
293 2573 348 2621 sitm
361 2580 449 2621 tautum
466 2573 618 2636 libertatisque
630 2574 698 2623 tidem
713 2576 800 2637 accipe-

122 2647 181 2688 rent.
217 2639 357 2689 Promisstuu
374 2639 399 2687 id
414 2639 534 2703 benignius
552 2646 588 2688 est
606 2641 633 2689 ab
651 2655 712 2704 rege,
730 2652 797 2701 quam
