1892 2909
238 106 267 155 T.
280 107 367 157 LIVII
383 106 436 157 Lui.
450 108 506 157 XL.
526 104 639 158 Caii-w·
742 107 773 158 9'7

102 212 193 281 Romae
204 242 272 291 tenet,
288 252 350 285 mors
360 239 439 285 deiude
448 238 546 291 alterius,
558 244 581 285 ct
590 236 678 285 mandi
686 237 777 285 comitis

9 352 10 355 Ἴ
103 300 208 347 consulis
217 302 241 346 in
251 302 325 349 locum
336 305 390 365 ejus,
403 304 479 351 omnia
487 303 583 357 tardiora
592 302 700 349 lecerunt
735 300 777 349 Iu-

105 365 175 409 terim
192 364 220 410 1².
233 363 351 413 Cornelius
367 375 390 413 et
404 367 441 413 M.
454 368 553 420 Baebius,
571 368 608 427 qui
622 367 645 413 in
659 366 776 414 consulatu

9 422 10 453 ἕ
104 428 164 473 nihil
178 432 320 496 memorabile
334 440 456 493 gesserant,
473 433 497 478 in
508 429 617 493 Apuanos
628 431 726 493 Ligures
735 432 776 478 ex'-

9 516 10 533 ι
105 493 203 539 ercitum
215 495 357 543 induxerunt.

139 557 293 605 XXXVIII.
313 559 417 622 Ligures,
435 562 480 621 qui,
498 567 551 607 ante
560 561 681 607 adventum
690 561 715 605 in
725 575 777 621 pro-

106 622 207 667 vinciam
223 624 347 678 consulum,
355 639 405 671 vnon
416 624 582 687 exspectisscnt
591 625 681 678 bellum,
693 625 778 685 impro-

105 687 159 733 viso
167 688 274 748 oppressi,
286 688 315 734 ad
322 689 437 735 duodecim
448 690 517 735 millis
524 690 639 735 hominum
647 689 778 735 dediderunt

9 814 10 819 1
106 765 140 797 se.
176 750 234 805 Eos,
246 753 349 798 consulto
362 770 401 815 per
415 754 490 799 literas
499 755 560 815 prius
571 761 656 806 senatu,
669 754 777 800 deducere

107 829 138 861 ex
153 816 267 861 montibus
280 816 304 861 iu
315 832 381 879 egros
393 824 527 879 campestres
536 819 614 879 procul
623 819 651 864 ab
661 818 735 871 domo,
748 832 777 864 ne

107 879 195 925 reditus
212 895 262 941 spes
277 888 344 934 esset,
363 880 481 930 Cornelius
497 889 520 929 et
535 882 627 929 Baebius
643 889 775 936 statuerunt,

9 986 10 989 ,
107 944 197 991 nullum
216 944 284 991 alium
303 953 355 992 ante
372 946 439 993 finem
456 947 498 992 rati
515 946 564 994 sore
583 945 697 1008 Ligustini
714 947 773 993 belli.

9 1020 10 1043 ³
108 1006 778 1139 igtdtlltllttid⁰ttiitbltltltll

9 1184 11 1193 ¹
108 1087 180 1198 guires
191 1136 301 1197 Apuanos
311 1140 400 1193 vellent,
412 1135 535 1192 edixerunt,
548 1138 693 1201 [Ligures'ab
700 1140 776 1185 Anido

107 1201 235 1265 montibus]
246 1202 379 1251 descendere
390 1220 441 1251 cum
452 1205 526 1250 liberis
535 1204 722 1265 conjugibusque:
737 1218 777 1250 sua

108 1266 187 1312 omnia
201 1280 277 1312 secum
291 1275 410 1329 portarent
445 1267 550 1330 Ligures,
569 1283 630 1328 saepe
639 1281 679 1328 per
688 1268 776 1329 legatos

108 1328 229 1390 deprecati,
244 1345 274 1377 ne
289 1340 388 1393 penates,
407 1332 489 1385 sedem,
506 1333 530 1377 in
549 1331 596 1392 qui
608 1332 680 1393 geniti
694 1339 775 1385 essent,

108 1394 212 1455 scpulcra
225 1396 341 1457 majorum,
356 1404 489 1458 cogerentur
505 1396 635 1456 relinquere,
653 1411 721 1450 arms,
737 1397 777 1441 ob-

108 1459 170 1505 sides
179 1459 352 1520 pollicebantur:
371 1468 488 1522 postquam
499 1462 554 1507 nihil
566 1461 721 1521 impetrabunt,
736 1474 777 1505 ne-

109 1538 154 1583 que
164 1524 224 1570 vires
235 1524 263 1569 ad
272 1525 397 1571 bellandum
408 1533 478 1579 erant,
490 1526 563 1571 edicto
573 1531 700 1585 paruerunt.
719 1522 778 1569 Tra-

109 1588 172 1634 ducti
187 1595 240 1634 sunt
253 1589 340 1650 publico
355 1597 429 1636 sumtu
444 1590 472 1636 sd
485 1590 631 1650 quadraginta
645 1588 714 1634 millis
723 1588 777 1633 libe-

110 1667 186 1698 rorum
202 1652 305 1714 cupitum,
321 1670 372 1700 cum
385 1654 473 1701 feminis
484 1655 614 1715 puerisque:
628 1653 716 1714 argenti
726 1652 777 1699 dste

80 1762 83 1767 .
110 1724 202 1763 centum
213 1724 236 1764 et
247 1718 407 1780 quinquaginta
421 1720 497 1772 millia,
509 1719 577 1772 unde,
590 1719 613 1763 in
628 1733 699 1764 novas
709 1719 776 1772 aedes,

110 1789 271 1843 compararent,
283 1798 334 1843 quse
345 1799 400 1845 opus
410 1790 492 1829 essent
517 1784 583 1844 Agro
594 1782 711 1829 dividendo
722 1782 777 1829 dan-

110 1846 183 1907 doque
197 1846 271 1899 iidem,
289 1848 326 1907 qui
342 1849 492 1901 traduxerant,
512 1846 631 1895 Cornelius
647 1855 671 1893 et
685 1847 777 1893 Baebius

111 1909 238 1971 praepositis
257 1912 419 1971 postulantibus
435 1920 511 1959 temen
524 1912 584 1973 ipsis,
600 1912 740 1973 quinqueviri
750 1911 778 1956 ab

112 1982 189 2023 senatu
201 1974 253 2028 dsti,
265 1991 360 2035 quorum
374 1992 403 2023 ex
417 1977 509 2023 consilio
520 1984 620 2037 agerent.
654 1971 780 2021 Transacti

112 2054 143 2092 re,
170 2054 222 2085 cum
244 2047 343 2087 veterem
364 2042 487 2088 exercitum
506 2041 605 2087 Romam
626 2040 776 2097 deduxissent,

112 2104 237 2164 triumphus
247 2106 274 2151 ab
284 2113 362 2152 senatu
373 2113 408 2153 est
418 2106 527 2152 decretus.
557 2105 592 2151 Hi
603 2104 702 2150 omnium
713 2102 778 2163 primi

111 2167 172 2213 nullo
182 2168 240 2214 bello
251 2177 316 2231 gesto
324 2168 500 2232 triumphdrunt:
514 2177 601 2217 tantum
610 2166 708 2230 [hostes]
718 2166 779 2212 ducti

112 2238 164 2279 ante
179 2238 284 2291 currum}
302 2236 360 2295 quia,
378 2250 420 2281 nec
436 2235 496 2295 quod
511 2234 613 2287 ferretur,
631 2247 703 2291 neque
719 2231 779 2292 quod

112 2296 229 2343 duceretur
237 2306 332 2359 captum,
343 2314 416 2360 neque
423 2300 483 2359 quod
493 2298 598 2345 militibus
605 2298 701 2350 daretur,
713 2296 778 2356 quid·

112 2376 178 2421 qusm
189 2362 212 2406 in
224 2364 341 2425 triumphis
351 2380 428 2411 eorum
438 2364 520 2411 fuerat.

143 2424 269 2473 XXXIX.
280 2427 369 2475 Eodem
380 2443 439 2475 anno
450 2428 473 2473 in
486 2426 596 2489 Hispaniis
607 2424 701 2473 Fulvius
712 2423 779 2471 Flac·

112 2504 150 2535 cus
167 2492 293 2551 proconsul,
310 2493 361 2553 quis
377 2493 530 2539 successoria
544 2491 681 2553 provinciam
694 2488 779 2535 tardius

111 2554 219 2611 seniebat,
231 2556 312 2604 educto
322 2558 422 2605 exercitu
432 2572 460 2603 ex
471 2557 575 2609 hibernis,
586 2556 714 2601 ulteriores
725 2550 780 2599 Cel·

113 2618 194 2667 tiberiae
205 2635 292 2683 agrum,
309 2621 367 2671 unde
378 2622 406 2671 ad
417 2621 552 2671 deditionem
562 2634 608 2667 non
618 2617 734 2671 veneratis
744 2615 781 2661 5¹⁸·

143 2697 195 2731 sor..
208 2699 231 2730 v.
539 2698 555 2729 x
