<?xml version="1.0" encoding="UTF-8"?>
<!DOCTYPE html PUBLIC "-//W3C//DTD XHTML 1.0 Transitional//EN"
    "http://www.w3.org/TR/xhtml1/DTD/xhtml1-transitional.dtd">
<html xmlns="http://www.w3.org/1999/xhtml" xml:lang="en" lang="en">
 <head>
  <title>
</title>
<meta http-equiv="Content-Type" content="text/html;charset=utf-8" />
  <meta name='ocr-system' content='tesseract 3.04.00' />
  <meta name='ocr-capabilities' content='ocr_page ocr_carea ocr_par ocr_line ocrx_word'/>
</head>
<body>
  <div class='ocr_page' id='page_1' title='image "./tliviipatavinih01caregoog_0360.png"; bbox 0 0 1892 2909; ppageno 0'>
   <div class='ocr_carea' id='block_1_1' title="bbox 251 433 634 508">
    <p class='ocr_par' dir='ltr' id='par_1_1' title="bbox 251 433 634 508">
     <span class='ocr_line' id='line_1_1' title="bbox 251 433 634 508; baseline -0.005 -22"><span class='ocrx_word' id='word_1_1' title='bbox 251 435 408 486; x_wconf 72' lang='lat' dir='ltr'>sonorus</span> <span class='ocrx_word' id='word_1_2' title='bbox 425 433 523 508; x_wconf 82' lang='lat' dir='ltr'>n1nu1</span> <span class='ocrx_word' id='word_1_3' title='bbox 539 435 634 485; x_wconf 77' lang='lat' dir='ltr'>xnv-r.</span> 
     </span>
    </p>
   </div>
   <div class='ocr_carea' id='block_1_2' title="bbox 65 565 838 2512">
    <p class='ocr_par' dir='ltr' id='par_1_2' title="bbox 65 565 838 2120">
     <span class='ocr_line' id='line_1_2' title="bbox 106 565 778 629; baseline 0 -13"><span class='ocrx_word' id='word_1_4' title='bbox 106 565 231 616; x_wconf 75' lang='lat' dir='ltr'>Eumne</span> <span class='ocrx_word' id='word_1_5' title='bbox 242 581 283 613; x_wconf 88' lang='lat' dir='ltr'>rex</span> <span class='ocrx_word' id='word_1_6' title='bbox 293 565 392 614; x_wconf 86' lang='lat' dir='ltr'>Romam</span> <span class='ocrx_word' id='word_1_7' title='bbox 403 567 480 614; x_wconf 81' lang='lat' dir='ltr'>veuit:</span> <span class='ocrx_word' id='word_1_8' title='bbox 498 567 544 628; x_wconf 88' lang='lat' dir='ltr'>qui,</span> <span class='ocrx_word' id='word_1_9' title='bbox 562 568 616 629; x_wconf 85' lang='lat' dir='ltr'>quia</span> <span class='ocrx_word' id='word_1_10' title='bbox 627 565 778 616; x_wconf 77' lang='lat' dir='ltr'>Macedonico</span> 
     </span>
     <span class='ocr_line' id='line_1_3' title="bbox 105 631 778 694; baseline -0.001 -14"><span class='ocrx_word' id='word_1_11' title='bbox 105 633 167 680; x_wconf 82' lang='lat' dir='ltr'>hello</span> <span class='ocrx_word' id='word_1_12' title='bbox 178 632 275 678; x_wconf 87' lang='lat' dir='ltr'>medium</span> <span class='ocrx_word' id='word_1_13' title='bbox 286 639 370 694; x_wconf 78' lang='lat' dir='ltr'>egerat,</span> <span class='ocrx_word' id='word_1_14' title='bbox 390 647 419 679; x_wconf 88' lang='lat' dir='ltr'>ne</span> <span class='ocrx_word' id='word_1_15' title='bbox 433 639 471 679; x_wconf 90' lang='lat' dir='ltr'>aut</span> <span class='ocrx_word' id='word_1_16' title='bbox 488 633 560 679; x_wconf 87' lang='lat' dir='ltr'>hostis</span> <span class='ocrx_word' id='word_1_17' title='bbox 566 631 680 694; x_wconf 76' lang='lat' dir='ltr'>judicatum</span> <span class='ocrx_word' id='word_1_18' title='bbox 689 633 778 680; x_wconf 83' lang='lat' dir='ltr'>videre-</span> 
     </span>
     <span class='ocr_line' id='line_1_4' title="bbox 106 697 779 751; baseline 0 -7"><span class='ocrx_word' id='word_1_19' title='bbox 106 703 153 751; x_wconf 87' lang='lat' dir='ltr'>tur,</span> <span class='ocrx_word' id='word_1_20' title='bbox 167 697 185 743; x_wconf 86' lang='lat' dir='ltr'>ai</span> <span class='ocrx_word' id='word_1_21' title='bbox 196 697 300 744; x_wconf 85' lang='lat' dir='ltr'>exclusus</span> <span class='ocrx_word' id='word_1_22' title='bbox 315 704 381 751; x_wconf 81' lang='lat' dir='ltr'>esset,</span> <span class='ocrx_word' id='word_1_23' title='bbox 394 703 433 744; x_wconf 85' lang='lat' dir='ltr'>aut</span> <span class='ocrx_word' id='word_1_24' title='bbox 446 697 552 744; x_wconf 76' lang='lat' dir='ltr'>liberatus</span> <span class='ocrx_word' id='word_1_25' title='bbox 564 697 657 744; x_wconf 88' lang='lat' dir='ltr'>crimine</span> <span class='ocrx_word' id='word_1_26' title='bbox 668 698 686 743; x_wconf 88' lang='lat' dir='ltr'>si</span> <span class='ocrx_word' id='word_1_27' title='bbox 697 698 779 744; x_wconf 79' lang='lat' dir='ltr'>admir-</span> 
     </span>
     <span class='ocr_line' id='line_1_5' title="bbox 105 761 778 824; baseline 0.001 -16"><span class='ocrx_word' id='word_1_28' title='bbox 105 768 193 808; x_wconf 87' lang='lat' dir='ltr'>teretur</span> <span class='ocrx_word' id='word_1_29' title='bbox 199 779 207 818; x_wconf 86' lang='lat'>;</span> <span class='ocrx_word' id='word_1_30' title='bbox 218 762 242 806; x_wconf 91' lang='lat' dir='ltr'>in</span> <span class='ocrx_word' id='word_1_31' title='bbox 251 777 371 809; x_wconf 87' lang='lat' dir='ltr'>commune</span> <span class='ocrx_word' id='word_1_32' title='bbox 377 763 415 808; x_wconf 89' lang='lat' dir='ltr'>lex</span> <span class='ocrx_word' id='word_1_33' title='bbox 425 761 470 808; x_wconf 85' lang='lat' dir='ltr'>lata</span> <span class='ocrx_word' id='word_1_34' title='bbox 481 769 522 816; x_wconf 87' lang='lat' dir='ltr'>cst,</span> <span class='ocrx_word' id='word_1_35' title='bbox 535 777 564 808; x_wconf 85' lang='lat' dir='ltr'>ne</span> <span class='ocrx_word' id='word_1_36' title='bbox 574 763 610 809; x_wconf 87' lang='lat' dir='ltr'>cui</span> <span class='ocrx_word' id='word_1_37' title='bbox 619 762 667 824; x_wconf 82' lang='lat' dir='ltr'>regi</span> <span class='ocrx_word' id='word_1_38' title='bbox 677 761 778 809; x_wconf 82' lang='lat' dir='ltr'>Romam</span> 
     </span>
     <span class='ocr_line' id='line_1_6' title="bbox 106 825 779 889; baseline -0.001 -15"><span class='ocrx_word' id='word_1_39' title='bbox 106 827 186 874; x_wconf 87' lang='lat' dir='ltr'>venire</span> <span class='ocrx_word' id='word_1_40' title='bbox 200 827 284 874; x_wconf 73' lang='lat' dir='ltr'>liceret.</span> <span class='ocrx_word' id='word_1_41' title='bbox 321 825 428 876; x_wconf 84' lang='lat' dir='ltr'>Claudius</span> <span class='ocrx_word' id='word_1_42' title='bbox 446 827 570 874; x_wconf 75' lang='lat' dir='ltr'>MurcrdIus</span> <span class='ocrx_word' id='word_1_43' title='bbox 586 827 666 873; x_wconf 81' lang='lat' dir='ltr'>consul</span> <span class='ocrx_word' id='word_1_44' title='bbox 680 827 779 889; x_wconf 79' lang='lat' dir='ltr'>Alpinos</span> 
     </span>
     <span class='ocr_line' id='line_1_7' title="bbox 108 889 775 954; baseline 0 -16"><span class='ocrx_word' id='word_1_45' title='bbox 108 891 198 944; x_wconf 78' lang='lat' dir='ltr'>Gallos,</span> <span class='ocrx_word' id='word_1_46' title='bbox 216 889 244 939; x_wconf 84' lang='lat' dir='ltr'>C.</span> <span class='ocrx_word' id='word_1_47' title='bbox 257 891 367 953; x_wconf 82' lang='lat' dir='ltr'>Sulpicius</span> <span class='ocrx_word' id='word_1_48' title='bbox 380 891 460 938; x_wconf 91' lang='lat' dir='ltr'>Gallus</span> <span class='ocrx_word' id='word_1_49' title='bbox 471 892 550 938; x_wconf 84' lang='lat' dir='ltr'>consul</span> <span class='ocrx_word' id='word_1_50' title='bbox 561 891 666 954; x_wconf 86' lang='lat' dir='ltr'>Ligures,</span> <span class='ocrx_word' id='word_1_51' title='bbox 680 893 775 954; x_wconf 76' lang='lat' dir='ltr'>subegit.</span> 
     </span>
     <span class='ocr_line' id='line_1_8' title="bbox 109 953 778 1018; baseline 0.001 -16"><span class='ocrx_word' id='word_1_52' title='bbox 109 953 193 1018; x_wconf 62' lang='lat' dir='ltr'>legati</span> <span class='ocrx_word' id='word_1_53' title='bbox 202 955 289 1003; x_wconf 85' lang='lat' dir='ltr'>Prusiae</span> <span class='ocrx_word' id='word_1_54' title='bbox 297 955 356 1018; x_wconf 79' lang='lat' dir='ltr'>regis</span> <span class='ocrx_word' id='word_1_55' title='bbox 363 957 479 1016; x_wconf 77' lang='lat' dir='ltr'><strong>conquesti</strong></span> <span class='ocrx_word' id='word_1_56' title='bbox 491 963 544 1002; x_wconf 87' lang='lat' dir='ltr'>sunt</span> <span class='ocrx_word' id='word_1_57' title='bbox 554 957 583 1002; x_wconf 81' lang='lat' dir='ltr'>de</span> <span class='ocrx_word' id='word_1_58' title='bbox 593 957 704 1010; x_wconf 89' lang='lat' dir='ltr'><strong>Eumene,</strong></span> <span class='ocrx_word' id='word_1_59' title='bbox 717 957 778 1018; x_wconf 90' lang='lat' dir='ltr'>quod</span> 
     </span>
     <span class='ocr_line' id='line_1_9' title="bbox 65 1017 778 1083; baseline 0.006 -18"><span class='ocrx_word' id='word_1_60' title='bbox 65 1022 72 1038; x_wconf 83' lang='lat'>¹</span> <span class='ocrx_word' id='word_1_61' title='bbox 107 1017 167 1066; x_wconf 84' lang='lat' dir='ltr'>fines</span> <span class='ocrx_word' id='word_1_62' title='bbox 176 1019 228 1066; x_wconf 83' lang='lat' dir='ltr'>suos</span> <span class='ocrx_word' id='word_1_63' title='bbox 236 1021 393 1082; x_wconf 77' lang='lat' dir='ltr'>popularetur:</span> <span class='ocrx_word' id='word_1_64' title='bbox 411 1021 564 1082; x_wconf 84' lang='lat' dir='ltr'>dixeruntque,</span> <span class='ocrx_word' id='word_1_65' title='bbox 577 1037 629 1068; x_wconf 88' lang='lat' dir='ltr'>eum</span> <span class='ocrx_word' id='word_1_66' title='bbox 638 1020 778 1083; x_wconf 80' lang='lat' dir='ltr'>conspirisse</span> 
     </span>
     <span class='ocr_line' id='line_1_10' title="bbox 109 1085 778 1148; baseline 0.001 -16"><span class='ocrx_word' id='word_1_67' title='bbox 109 1099 163 1132; x_wconf 82' lang='lat' dir='ltr'>cunr</span> <span class='ocrx_word' id='word_1_68' title='bbox 175 1085 289 1132; x_wconf 85' lang='lat' dir='ltr'><strong>Antiocho</strong></span> <span class='ocrx_word' id='word_1_69' title='bbox 300 1092 377 1132; x_wconf 88' lang='lat' dir='ltr'>contra</span> <span class='ocrx_word' id='word_1_70' title='bbox 385 1086 492 1148; x_wconf 89' lang='lat' dir='ltr'>populum</span> <span class='ocrx_word' id='word_1_71' title='bbox 503 1085 640 1132; x_wconf 79' lang='lat' dir='ltr'>Romanum.</span> <span class='ocrx_word' id='word_1_72' title='bbox 677 1086 778 1134; x_wconf 82' lang='lat' dir='ltr'>Societas</span> 
     </span>
     <span class='ocr_line' id='line_1_11' title="bbox 108 1149 778 1212; baseline 0.001 -16"><span class='ocrx_word' id='word_1_73' title='bbox 108 1149 565 1212; x_wconf 75' lang='lat' dir='ltr'>eumRhodiisdeprecautrhusjunotaest.</span> <span class='ocrx_word' id='word_1_74' title='bbox 584 1149 692 1196; x_wconf 76' lang='lat' dir='ltr'>Lustrum</span> <span class='ocrx_word' id='word_1_75' title='bbox 702 1165 778 1197; x_wconf 86' lang='lat' dir='ltr'>acen-</span> 
     </span>
     <span class='ocr_line' id='line_1_12' title="bbox 108 1213 779 1276; baseline 0.001 -14"><span class='ocrx_word' id='word_1_76' title='bbox 108 1215 196 1262; x_wconf 85' lang='lat' dir='ltr'>son&#39;bus</span> <span class='ocrx_word' id='word_1_77' title='bbox 207 1215 321 1261; x_wconf 87' lang='lat' dir='ltr'>conditum</span> <span class='ocrx_word' id='word_1_78' title='bbox 332 1222 373 1261; x_wconf 87' lang='lat' dir='ltr'>est.</span> <span class='ocrx_word' id='word_1_79' title='bbox 410 1213 487 1263; x_wconf 82' lang='lat' dir='ltr'>Cema</span> <span class='ocrx_word' id='word_1_80' title='bbox 496 1223 549 1260; x_wconf 89' lang='lat' dir='ltr'>sunt</span> <span class='ocrx_word' id='word_1_81' title='bbox 559 1216 641 1261; x_wconf 83' lang='lat' dir='ltr'>civium</span> <span class='ocrx_word' id='word_1_82' title='bbox 650 1216 723 1276; x_wconf 86' lang='lat' dir='ltr'>capita</span> <span class='ocrx_word' id='word_1_83' title='bbox 732 1222 779 1263; x_wconf 82' lang='lat' dir='ltr'>tre·</span> 
     </span>
     <span class='ocr_line' id='line_1_13' title="bbox 108 1278 779 1343; baseline -0.001 -16"><span class='ocrx_word' id='word_1_84' title='bbox 108 1287 175 1327; x_wconf 81' lang='lat' dir='ltr'>centa</span> <span class='ocrx_word' id='word_1_85' title='bbox 180 1281 260 1343; x_wconf 81' lang='lat' dir='ltr'>viginti</span> <span class='ocrx_word' id='word_1_86' title='bbox 269 1287 354 1342; x_wconf 84' lang='lat' dir='ltr'>septem</span> <span class='ocrx_word' id='word_1_87' title='bbox 363 1279 431 1326; x_wconf 86' lang='lat' dir='ltr'>millia</span> <span class='ocrx_word' id='word_1_88' title='bbox 441 1279 578 1340; x_wconf 81' lang='lat' dir='ltr'>vigintiduo.</span> <span class='ocrx_word' id='word_1_89' title='bbox 598 1278 705 1340; x_wconf 72' lang='lat' dir='ltr'>Princeps</span> <span class='ocrx_word' id='word_1_90' title='bbox 714 1293 779 1326; x_wconf 83' lang='lat' dir='ltr'>aena-</span> 
     </span>
     <span class='ocr_line' id='line_1_14' title="bbox 107 1343 780 1406; baseline 0 -16"><span class='ocrx_word' id='word_1_91' title='bbox 107 1343 147 1391; x_wconf 86' lang='lat' dir='ltr'>tds</span> <span class='ocrx_word' id='word_1_92' title='bbox 156 1345 229 1390; x_wconf 86' lang='lat' dir='ltr'>lectus</span> <span class='ocrx_word' id='word_1_93' title='bbox 240 1345 276 1391; x_wconf 91' lang='lat' dir='ltr'>M.</span> <span class='ocrx_word' id='word_1_94' title='bbox 288 1344 394 1390; x_wconf 86' lang='lat' dir='ltr'>AEmilius</span> <span class='ocrx_word' id='word_1_95' title='bbox 403 1343 509 1405; x_wconf 81' lang='lat' dir='ltr'>Lepidus.</span> <span class='ocrx_word' id='word_1_96' title='bbox 530 1343 780 1406; x_wconf 66' lang='lat' dir='ltr'>Ptolemaeuslssgypti</span> 
     </span>
     <span class='ocr_line' id='line_1_15' title="bbox 107 1402 777 1471; baseline -0.001 -15"><span class='ocrx_word' id='word_1_97' title='bbox 107 1423 157 1462; x_wconf 86' lang='lat' dir='ltr'>rex,</span> <span class='ocrx_word' id='word_1_98' title='bbox 163 1402 240 1470; x_wconf 75' lang='lat' dir='ltr'>pulsus</span> <span class='ocrx_word' id='word_1_99' title='bbox 245 1423 315 1471; x_wconf 84' lang='lat' dir='ltr'>regno</span> <span class='ocrx_word' id='word_1_100' title='bbox 323 1409 429 1454; x_wconf 82' lang='lat' dir='ltr'>amiuore</span> <span class='ocrx_word' id='word_1_101' title='bbox 435 1408 510 1461; x_wconf 82' lang='lat' dir='ltr'>fratre,</span> <span class='ocrx_word' id='word_1_102' title='bbox 517 1407 590 1454; x_wconf 89' lang='lat' dir='ltr'>missis</span> <span class='ocrx_word' id='word_1_103' title='bbox 597 1409 680 1454; x_wconf 85' lang='lat' dir='ltr'>adeum</span> <span class='ocrx_word' id='word_1_104' title='bbox 688 1409 777 1470; x_wconf 84' lang='lat' dir='ltr'>legatis,</span> 
     </span>
     <span class='ocr_line' id='line_1_16' title="bbox 108 1470 778 1534; baseline 0 -14"><span class='ocrx_word' id='word_1_105' title='bbox 108 1474 226 1520; x_wconf 84' lang='lat' dir='ltr'>restitutus</span> <span class='ocrx_word' id='word_1_106' title='bbox 236 1481 278 1520; x_wconf 86' lang='lat' dir='ltr'>est.</span> <span class='ocrx_word' id='word_1_107' title='bbox 307 1473 433 1526; x_wconf 74' lang='lat' dir='ltr'>Ariarathe,</span> <span class='ocrx_word' id='word_1_108' title='bbox 447 1470 595 1534; x_wconf 82' lang='lat' dir='ltr'>Cappadooiae</span> <span class='ocrx_word' id='word_1_109' title='bbox 606 1487 666 1534; x_wconf 83' lang='lat' dir='ltr'>rege,</span> <span class='ocrx_word' id='word_1_110' title='bbox 678 1481 778 1530; x_wconf 88' lang='lat' dir='ltr'>mortuo,</span> 
     </span>
     <span class='ocr_line' id='line_1_17' title="bbox 106 1537 778 1602; baseline 0 -17"><span class='ocrx_word' id='word_1_111' title='bbox 106 1537 168 1585; x_wconf 72' lang='lat' dir='ltr'>&#39;fliius</span> <span class='ocrx_word' id='word_1_112' title='bbox 177 1537 359 1602; x_wconf 81' lang='lat' dir='ltr'>eJusAriarathes</span> <span class='ocrx_word' id='word_1_113' title='bbox 365 1551 461 1598; x_wconf 85' lang='lat' dir='ltr'>regnum</span> <span class='ocrx_word' id='word_1_114' title='bbox 466 1537 558 1598; x_wconf 80' lang='lat' dir='ltr'>accepit,</span> <span class='ocrx_word' id='word_1_115' title='bbox 567 1544 591 1583; x_wconf 83' lang='lat' dir='ltr'>ct</span> <span class='ocrx_word' id='word_1_116' title='bbox 599 1538 718 1585; x_wconf 72' lang='lat' dir='ltr'>amicitiam</span> <span class='ocrx_word' id='word_1_117' title='bbox 725 1553 778 1586; x_wconf 89' lang='lat' dir='ltr'>cum</span> 
     </span>
     <span class='ocr_line' id='line_1_18' title="bbox 106 1602 779 1667; baseline -0.001 -18"><span class='ocrx_word' id='word_1_118' title='bbox 106 1603 192 1667; x_wconf 87' lang='lat' dir='ltr'>populo</span> <span class='ocrx_word' id='word_1_119' title='bbox 201 1603 306 1650; x_wconf 84' lang='lat' dir='ltr'>Romano</span> <span class='ocrx_word' id='word_1_120' title='bbox 314 1617 355 1664; x_wconf 88' lang='lat' dir='ltr'>per</span> <span class='ocrx_word' id='word_1_121' title='bbox 365 1602 452 1662; x_wconf 82' lang='lat' dir='ltr'>legatos</span> <span class='ocrx_word' id='word_1_122' title='bbox 463 1602 587 1648; x_wconf 83' lang='lat' dir='ltr'>renovavit.</span> <span class='ocrx_word' id='word_1_123' title='bbox 610 1602 659 1649; x_wconf 84' lang='lat' dir='ltr'>Res</span> <span class='ocrx_word' id='word_1_124' title='bbox 669 1610 779 1664; x_wconf 72' lang='lat' dir='ltr'>praeterea</span> 
     </span>
     <span class='ocr_line' id='line_1_19' title="bbox 108 1665 779 1729; baseline 0 -14"><span class='ocrx_word' id='word_1_125' title='bbox 108 1669 216 1716; x_wconf 83' lang='lat' dir='ltr'>adversus</span> <span class='ocrx_word' id='word_1_126' title='bbox 221 1667 326 1729; x_wconf 79' lang='lat' dir='ltr'>Ligures,</span> <span class='ocrx_word' id='word_1_127' title='bbox 335 1673 359 1712; x_wconf 89' lang='lat' dir='ltr'>et</span> <span class='ocrx_word' id='word_1_128' title='bbox 366 1665 459 1719; x_wconf 80' lang='lat' dir='ltr'>Corsos,</span> <span class='ocrx_word' id='word_1_129' title='bbox 468 1673 492 1712; x_wconf 83' lang='lat' dir='ltr'>et</span> <span class='ocrx_word' id='word_1_130' title='bbox 500 1665 629 1720; x_wconf 82' lang='lat' dir='ltr'>Lusitanos,</span> <span class='ocrx_word' id='word_1_131' title='bbox 639 1668 701 1714; x_wconf 84' lang='lat' dir='ltr'>vario</span> <span class='ocrx_word' id='word_1_132' title='bbox 708 1683 779 1715; x_wconf 82' lang='lat' dir='ltr'>even-</span> 
     </span>
     <span class='ocr_line' id='line_1_20' title="bbox 107 1731 838 1794; baseline 0 -13"><span class='ocrx_word' id='word_1_133' title='bbox 107 1740 136 1781; x_wconf 88' lang='lat' dir='ltr'>tu</span> <span class='ocrx_word' id='word_1_134' title='bbox 150 1739 234 1794; x_wconf 82' lang='lat' dir='ltr'>gestas,</span> <span class='ocrx_word' id='word_1_135' title='bbox 254 1739 278 1778; x_wconf 84' lang='lat' dir='ltr'>ct</span> <span class='ocrx_word' id='word_1_136' title='bbox 296 1737 372 1778; x_wconf 88' lang='lat' dir='ltr'>motus</span> <span class='ocrx_word' id='word_1_137' title='bbox 388 1731 469 1791; x_wconf 85' lang='lat' dir='ltr'>Syriae,</span> <span class='ocrx_word' id='word_1_138' title='bbox 488 1738 579 1778; x_wconf 88' lang='lat' dir='ltr'>mortuo</span> <span class='ocrx_word' id='word_1_139' title='bbox 596 1732 719 1788; x_wconf 80' lang='lat' dir='ltr'>Antiocho,</span> <span class='ocrx_word' id='word_1_140' title='bbox 739 1733 778 1794; x_wconf 87' lang='lat' dir='ltr'>qui</span> <span class='ocrx_word' id='word_1_141' title='bbox 835 1777 838 1785; x_wconf 80' lang='grc'><strong>,</strong></span> 
     </span>
     <span class='ocr_line' id='line_1_21' title="bbox 107 1795 779 1858; baseline -0.001 -12"><span class='ocrx_word' id='word_1_142' title='bbox 107 1795 180 1846; x_wconf 84' lang='lat' dir='ltr'>filium</span> <span class='ocrx_word' id='word_1_143' title='bbox 191 1796 330 1844; x_wconf 86' lang='lat' dir='ltr'>Antiochum</span> <span class='ocrx_word' id='word_1_144' title='bbox 344 1810 439 1857; x_wconf 88' lang='lat' dir='ltr'>puerum</span> <span class='ocrx_word' id='word_1_145' title='bbox 450 1796 570 1843; x_wconf 80' lang='lat' dir='ltr'>admodum</span> <span class='ocrx_word' id='word_1_146' title='bbox 585 1797 710 1858; x_wconf 80' lang='lat' dir='ltr'>reliquerat,</span> <span class='ocrx_word' id='word_1_147' title='bbox 723 1814 779 1845; x_wconf 89' lang='lat' dir='ltr'>con-</span> 
     </span>
     <span class='ocr_line' id='line_1_22' title="bbox 107 1859 777 1924; baseline 0.001 -15"><span class='ocrx_word' id='word_1_148' title='bbox 107 1863 174 1910; x_wconf 82' lang='lat' dir='ltr'>tinet.</span> <span class='ocrx_word' id='word_1_149' title='bbox 202 1859 274 1907; x_wconf 89' lang='lat' dir='ltr'>Hunc</span> <span class='ocrx_word' id='word_1_150' title='bbox 285 1859 424 1907; x_wconf 79' lang='lat' dir='ltr'>Antiochum</span> <span class='ocrx_word' id='word_1_151' title='bbox 435 1875 537 1923; x_wconf 87' lang='lat' dir='ltr'>puerum,</span> <span class='ocrx_word' id='word_1_152' title='bbox 549 1877 601 1908; x_wconf 89' lang='lat' dir='ltr'>cum</span> <span class='ocrx_word' id='word_1_153' title='bbox 612 1860 683 1924; x_wconf 77' lang='lat' dir='ltr'>Lysii</span> <span class='ocrx_word' id='word_1_154' title='bbox 694 1869 777 1920; x_wconf 81' lang='lat' dir='ltr'>tutore,</span> 
     </span>
     <span class='ocr_line' id='line_1_23' title="bbox 108 1923 777 1986; baseline -0.001 -10"><span class='ocrx_word' id='word_1_155' title='bbox 108 1923 249 1979; x_wconf 86' lang='lat' dir='ltr'>Demetrius,</span> <span class='ocrx_word' id='word_1_156' title='bbox 269 1925 356 1972; x_wconf 78' lang='lat' dir='ltr'>Seleuci</span> <span class='ocrx_word' id='word_1_157' title='bbox 375 1924 440 1979; x_wconf 85' lang='lat' dir='ltr'>filius,</span> <span class='ocrx_word' id='word_1_158' title='bbox 461 1928 500 1986; x_wconf 85' lang='lat' dir='ltr'>qui</span> <span class='ocrx_word' id='word_1_159' title='bbox 516 1925 601 1973; x_wconf 76' lang='lat' dir='ltr'>Romae</span> <span class='ocrx_word' id='word_1_160' title='bbox 615 1929 680 1974; x_wconf 80' lang='lat' dir='ltr'>obses</span> <span class='ocrx_word' id='word_1_161' title='bbox 696 1927 777 1984; x_wconf 80' lang='lat' dir='ltr'>iuerat,</span> 
     </span>
     <span class='ocr_line' id='line_1_24' title="bbox 108 1990 780 2052; baseline 0 -12"><span class='ocrx_word' id='word_1_162' title='bbox 108 1993 174 2046; x_wconf 83' lang='lat' dir='ltr'>clam,</span> <span class='ocrx_word' id='word_1_163' title='bbox 187 1991 238 2052; x_wconf 89' lang='lat' dir='ltr'>quia</span> <span class='ocrx_word' id='word_1_164' title='bbox 249 2004 295 2036; x_wconf 90' lang='lat' dir='ltr'>non</span> <span class='ocrx_word' id='word_1_165' title='bbox 306 1990 457 2037; x_wconf 82' lang='lat' dir='ltr'>dimittebatur</span> <span class='ocrx_word' id='word_1_166' title='bbox 467 1990 607 2045; x_wconf 84' lang='lat' dir='ltr'>aRomania,</span> <span class='ocrx_word' id='word_1_167' title='bbox 616 1991 729 2040; x_wconf 83' lang='lat' dir='ltr'>interemit</span> <span class='ocrx_word' id='word_1_168' title='bbox 735 2010 744 2052; x_wconf 72' lang='grc' dir='ltr'><strong><em>ς</em></strong></span> <span class='ocrx_word' id='word_1_169' title='bbox 755 2000 780 2041; x_wconf 83' lang='lat' dir='ltr'>et</span> 
     </span>
     <span class='ocr_line' id='line_1_25' title="bbox 109 2053 779 2120; baseline 0.006 -19"><span class='ocrx_word' id='word_1_170' title='bbox 109 2057 116 2070; x_wconf 90' lang='grc'><em>“</em></span> <span class='ocrx_word' id='word_1_171' title='bbox 172 2057 196 2102; x_wconf 91' lang='lat' dir='ltr'>in</span> <span class='ocrx_word' id='word_1_172' title='bbox 214 2070 310 2118; x_wconf 78' lang='lat' dir='ltr'>regnum</span> <span class='ocrx_word' id='word_1_173' title='bbox 331 2061 441 2117; x_wconf 83' lang='lat' dir='ltr'>receptus.</span> <span class='ocrx_word' id='word_1_174' title='bbox 477 2053 506 2101; x_wconf 84' lang='lat' dir='ltr'>L.</span> <span class='ocrx_word' id='word_1_175' title='bbox 524 2056 619 2103; x_wconf 83' lang='lat' dir='ltr'>AEmilio</span> <span class='ocrx_word' id='word_1_176' title='bbox 639 2056 720 2111; x_wconf 84' lang='lat' dir='ltr'>Paulo,</span> <span class='ocrx_word' id='word_1_177' title='bbox 740 2057 779 2120; x_wconf 92' lang='lat' dir='ltr'>qui</span> 
     </span>
    </p>

    <p class='ocr_par' dir='ltr' id='par_1_3' title="bbox 108 2120 781 2512">
     <span class='ocr_line' id='line_1_26' title="bbox 132 2120 779 2184; baseline 0.002 -17"><span class='ocrx_word' id='word_1_178' title='bbox 132 2120 294 2174; x_wconf 67' lang='lat' dir='ltr'>macuvicerat,</span> <span class='ocrx_word' id='word_1_179' title='bbox 304 2127 401 2173; x_wconf 89' lang='lat' dir='ltr'>mortuo,</span> <span class='ocrx_word' id='word_1_180' title='bbox 413 2125 477 2167; x_wconf 83' lang='lat' dir='ltr'>tanta</span> <span class='ocrx_word' id='word_1_181' title='bbox 487 2121 535 2184; x_wconf 83' lang='lat' dir='ltr'>ejus</span> <span class='ocrx_word' id='word_1_182' title='bbox 546 2120 735 2178; x_wconf 85' lang='lat' dir='ltr'>abstinentiaiuit,</span> <span class='ocrx_word' id='word_1_183' title='bbox 745 2127 779 2179; x_wconf 89' lang='lat' dir='ltr'>ut,</span> 
     </span>
     <span class='ocr_line' id='line_1_27' title="bbox 109 2183 781 2250; baseline 0.001 -16"><span class='ocrx_word' id='word_1_184' title='bbox 109 2183 781 2250; x_wconf 81' lang='lat' dir='ltr'>cumexHirpaniietexMacedooiiimmensaaopesrs-</span> 
     </span>
     <span class='ocr_line' id='line_1_28' title="bbox 109 2249 781 2313; baseline 0.003 -15"><span class='ocrx_word' id='word_1_185' title='bbox 109 2250 205 2304; x_wconf 80' lang='lat' dir='ltr'>tulisset,</span> <span class='ocrx_word' id='word_1_186' title='bbox 217 2249 256 2297; x_wconf 84' lang='lat' dir='ltr'>rix</span> <span class='ocrx_word' id='word_1_187' title='bbox 267 2265 296 2297; x_wconf 85' lang='lat' dir='ltr'>ex</span> <span class='ocrx_word' id='word_1_188' title='bbox 304 2251 407 2298; x_wconf 82' lang='lat' dir='ltr'>auctione</span> <span class='ocrx_word' id='word_1_189' title='bbox 417 2252 465 2313; x_wconf 84' lang='lat' dir='ltr'>ejus</span> <span class='ocrx_word' id='word_1_190' title='bbox 476 2252 591 2300; x_wconf 75' lang='lat' dir='ltr'>redactum</span> <span class='ocrx_word' id='word_1_191' title='bbox 602 2252 638 2310; x_wconf 85' lang='lat' dir='ltr'>sit,</span> <span class='ocrx_word' id='word_1_192' title='bbox 647 2253 707 2300; x_wconf 83' lang='lat' dir='ltr'>unde</span> <span class='ocrx_word' id='word_1_193' title='bbox 714 2253 781 2300; x_wconf 83' lang='lat' dir='ltr'>uxori</span> 
     </span>
     <span class='ocr_line' id='line_1_29' title="bbox 124 2313 780 2380; baseline 0.006 -19"><span class='ocrx_word' id='word_1_194' title='bbox 124 2315 158 2362; x_wconf 82' lang='lat' dir='ltr'>&#39;ur</span> <span class='ocrx_word' id='word_1_195' title='bbox 176 2315 217 2362; x_wconf 85' lang='lat' dir='ltr'>dos</span> <span class='ocrx_word' id='word_1_196' title='bbox 237 2315 366 2362; x_wconf 81' lang='lat' dir='ltr'>solveretur.</span> <span class='ocrx_word' id='word_1_197' title='bbox 402 2313 517 2364; x_wconf 78' lang='lat' dir='ltr'>Pomtiore</span> <span class='ocrx_word' id='word_1_198' title='bbox 533 2317 624 2380; x_wconf 83' lang='lat' dir='ltr'>paludes</span> <span class='ocrx_word' id='word_1_199' title='bbox 642 2331 656 2364; x_wconf 87' lang='lat' dir='ltr'>a</span> <span class='ocrx_word' id='word_1_200' title='bbox 673 2314 780 2366; x_wconf 83' lang='lat' dir='ltr'>Cornelio</span> 
     </span>
     <span class='ocr_line' id='line_1_30' title="bbox 109 2331 780 2448; baseline 0.01 -23"><span class='ocrx_word' id='word_1_201' title='bbox 109 2331 216 2444; x_wconf 55' lang='lat' dir='ltr'>denego</span> <span class='ocrx_word' id='word_1_202' title='bbox 227 2377 326 2434; x_wconf 84' lang='lat' dir='ltr'>consule,</span> <span class='ocrx_word' id='word_1_203' title='bbox 340 2380 376 2427; x_wconf 87' lang='lat' dir='ltr'>oui</span> <span class='ocrx_word' id='word_1_204' title='bbox 387 2395 414 2430; x_wconf 78' lang='lat' dir='ltr'>eu</span> <span class='ocrx_word' id='word_1_205' title='bbox 424 2381 541 2448; x_wconf 75' lang='lat' dir='ltr'>provincia</span> <span class='ocrx_word' id='word_1_206' title='bbox 554 2387 666 2439; x_wconf 67' lang='lat' dir='ltr'>erenum,</span> <span class='ocrx_word' id='word_1_207' title='bbox 682 2383 780 2439; x_wconf 71' lang='lat' dir='ltr'>aicmtae,</span> 
     </span>
     <span class='ocr_line' id='line_1_31' title="bbox 108 2444 378 2512; baseline -0.004 -17"><span class='ocrx_word' id='word_1_208' title='bbox 108 2461 209 2512; x_wconf 80' lang='lat' dir='ltr'>agerque</span> <span class='ocrx_word' id='word_1_209' title='bbox 218 2459 248 2495; x_wconf 82' lang='lat' dir='ltr'>ex</span> <span class='ocrx_word' id='word_1_210' title='bbox 260 2445 288 2495; x_wconf 79' lang='lat' dir='ltr'>iia</span> <span class='ocrx_word' id='word_1_211' title='bbox 296 2444 378 2495; x_wconf 79' lang='lat' dir='ltr'>iactus.</span> 
     </span>
    </p>
   </div>
   <div class='ocr_carea' id='block_1_3' title="bbox 0 0 953 2909">
    <p class='ocr_par' dir='ltr' id='par_1_4' title="bbox 0 0 953 2909">
     <span class='ocr_line' id='line_1_32' title="bbox 0 0 953 2909; baseline 0 0"><span class='ocrx_word' id='word_1_212' title='bbox 0 0 953 2909; x_wconf 95' lang='lat' dir='ltr'> </span> 
     </span>
    </p>
   </div>
  </div>
 </body>
</html>
