1892 2909
137 55 184 99 180
258 50 288 99 T.
303 48 391 99 LlVll
408 46 460 97 Lu.
475 46 560 97 XLII.
578 47 639 100 cn.
651 50 676 99 ὅ.

138 186 222 234 rentur,
239 180 399 242 piaculariaque
414 179 500 229 Junnni
515 178 600 227 llereru
636 177 697 233 Quae
710 176 739 225 erl
752 174 805 225 reli·

137 245 228 306 gionem
238 246 356 307 pertinent,
368 260 420 293 eum
431 241 486 293 curi
494 243 566 291 iacta:
585 244 673 305 tegruno
683 242 770 290 relictae
780 240 805 286 in

136 306 189 355 arei
206 308 290 371 templi,
310 311 361 370 quia
377 308 552 371 reponendamm
567 322 635 353 nemo
650 306 731 354 artifex
748 304 806 353 inire

138 373 246 420 rationem
257 375 360 435 potuerit,
373 374 509 423 redemtoree
519 370 655 419 nuntiirunt.

173 432 217 482 lv.
236 438 276 485 Ex
291 439 429 500 praetoribun,
446 436 485 498 qui
499 437 522 482 in
534 436 659 499 provinciae
672 435 751 488 ieram,
768 430 804 479 N.

140 499 222 548 Fabius
237 502 347 553 Massilia>
361 502 461 555 moritur,
480 516 532 547 enm
546 502 570 547 iu
584 500 709 547 <ulteriorem
718 497 806 559 rinpo-

139 566 199 612 niam
211 568 259 613 iret.
294 565 382 627 ltaque,
398 580 449 612 cum
459 565 483 611 id
496 565 622 611 nuntiatum
633 580 647 611 a
657 562 806 611 Masurian-

137 630 180 677 bua
194 631 274 693 legatis
289 638 355 684 earet,
373 638 463 677 senatus
477 630 584 683 decrevit,
600 638 627 676 ut
638 626 671 674 P.
684 626 767 673 Furius
782 636 807 672 et

140 693 185 742 Cn.
197 695 310 748 Servilius,
323 695 401 755 quibus
412 694 576 747 suecedehatur,
591 694 650 739 inter
664 707 688 738 ne
699 690 806 737 sortiren-

140 765 183 812 tur,
196 768 246 806 uter
256 760 380 805 citeriorem
392 756 525 820 Hispaniam
550 761 656 819 rorogato
663 755 756 817 imperio
766 753 808 801 ob-
825 794 828 800 ,

140 822 227 869 tineret.
262 824 317 870 Sors
327 830 452 885 opportuna
461 822 518 879 fuit3
535 774 564 868 ἓ).
574 820 656 868 Furius
665 821 731 873 idem,
743 820 808 881 orp‘ua

140 902 171 934 euv
180 887 294 949 provincia
306 885 386 941 fuerat,
402 894 548 934 remaneret·-
568 886 656 933 Eodem
671 898 737 937 auno,
755 896 807 929 euna

140 951 188 1013 egri
200 950 313 1013 Ligustini
324 959 347 999 et
359 952 448 1005 Gallici,
460 952 521 1012 quod
530 950 589 997 bello
599 958 688 1012 captum
698 956 753 1002 erat,
767 947 809 993 ali·

140 1022 248 1076 quantum
267 1023 363 1068 vacaret,
386 1016 615 1064 senatur-consultum
633 1013 725 1066 fimum,
745 1011 809 1058 ntia

141 1096 195 1142 ager
206 1080 289 1127 viritim
300 1080 440 1129 divideretur.
468 1080 618 1127 Decemviros
627 1079 651 1124 in
661 1093 711 1125 eam
722 1090 768 1123 rem
780 1088 810 1122 ex
824 1124 828 1129 ,

141 1144 345 1191 senatun-consulto
362 1145 446 1195 creavit
462 1146 493 1191 A.
507 1144 592 1191 Atilius
606 1151 690 1205 praetor
704 1142 808 1195 urbanua,

143 1208 179 1255 M.
197 1208 315 1256 AEmilium
333 1208 451 1271 Lepidum,
472 1206 501 1256 C·
516 1206 627 1261 Cestium,
646 1206 676 1254 Τ.
690 1204 809 1256 AEbutium

140 1270 234 1327 Carum,
256 1272 284 1323 C.
302 1272 455 1327 Tremellium,
477 1272 505 1318 P.
523 1270 654 1319 Cornelium
671 1268 825 1332 Cethegum,

143 1336 176 1393 Q·
189 1344 212 1385 et
223 1336 251 1385 1.
262 1338 394 1401 Appuleioe,
409 1338 446 1389 M.
458 1335 583 1390 cecilium,
600 1334 629 1384 C.
640 1335 763 1387 Salonium,
777 1330 808 1381 C:

141 1400 279 1449 Munatium.
315 1401 448 1449 Diviserunt
459 1400 516 1447 (lena
522 1401 604 1463 jugera
614 1400 637 1445 in
649 1399 757 1461 singulos,
771 1413 810 1445 ao·

143 1466 183 1512 eiie
202 1466 298 1515 nominis
315 1465 391 1511 Latini
406 1473 478 1513 terna.
513 1464 559 1515 Per
574 1464 633 1511 idem
649 1471 744 1526 tempus,
764 1476 828 1524 quo-

142 1532 192 1577 haee
203 1531 331 1593 agebantur,
344 1530 412 1591 legati
423 1545 452 1577 ex
462 1527 550 1576 AEtolii
559 1529 657 1576 Romam
665 1532 776 1575 venenant
783 1526 812 1573 de
825 1560 827 1564 -

143 1594 257 1640 discordiis
265 1594 451 1655 seditionibusque
459 1595 513 1648 suin,
524 1593 658 1641 etTheauali
664 1592 741 1655 legeti,
752 1604 813 1638 uun-

143 1658 230 1711 tiuntes,
243 1673 294 1717 quae
305 1659 327 1703 in
339 1657 474 1707 Macedonia
484 1666 623 1721 gererentur.

174 1720 206 1766 V.
226 1720 329 1775 Perneue,
342 1724 391 1785 jaim
405 1723 488 1770 bellum
503 1723 556 1770 vivo
571 1730 634 1785 patre
647 1722 772 1785 cogitatum
785 1720 825 1766 iu-

143 1786 218 1835 enimo
234 1786 334 1840 volvent,
355 1802 440 1842 omnes,
461 1803 507 1834 non
523 1796 604 1850 genten
619 1786 687 1834 morlo
704 1786 811 1838 Graeciae,

142 1851 182 1898 real
192 1850 292 1897 civitatee
303 1851 377 1905 etiam,
392 1853 541 1915 legationibua
550 1852 671 1904 mittendis,
687 1848 813 1911 pollicendo

142 1916 206 1979 plura
216 1930 282 1976 quam
292 1918 425 1977 praestando,
439 1918 479 1965 sibi
490 1917 627 1965 conciliabat
654 1914 729 1963 Erant
736 1923 822 1971 tumen

143 1978 226 2042 magui
239 1995 268 2045 erp
283 1988 346 2042 purte
361 1981 478 2031 hominum
493 1982 522 2029 ad
537 1980 637 2029 favorem
651 1980 700 2042 ejna
713 1977 814 2025 inclinati

142 2046 218 2098 animi,
234 2052 257 2091 et
267 2045 378 2106 aliquanto
389 2047 490 2107 quamin
501 2046 629 2093 Eumenem
642 2043 813 2107 propemioret3

143 2125 195 2156 curn
206 2108 316 2157 Eumenis
326 2110 437 2157 benefieiis
448 2111 620 2171 muneniunqne
627 2124 706 2156 omnen
715 2109 815 2155 Grreeiae

143 2175 246 2221 civitatee
259 2181 282 2221 et
295 2173 393 2237 plerique
403 2175 529 2237 principum
539 2174 632 2236 obligati
642 2180 731 2230 eaaent3
749 2179 772 2218 et
783 2173 815 2221 iu

144 2252 169 2285 ne
186 2238 210 2283 in
227 2252 297 2300 regno
314 2254 355 2285 eno
373 2246 469 2301 gereret,
490 2246 524 2293 ut,
542 2254 593 2299 quae
609 2240 651 2285 sub
666 2238 751 2285 ditione
766 2240 816 2299 eju·

144 2303 217 2356 urben,
235 2302 316 2349 nulline
330 2303 405 2351 libere
419 2304 516 2351 civitatis
528 2303 642 2351 fortunam
654 2316 730 2349 aeounr
739 2310 818 2347 mnu·

144 2372 190 2413 tem
210 2366 308 2414 vellent:
333 2374 418 2421 contra,
440 2368 524 2415 Persea
539 2367 600 2415 suma
616 2374 664 2415 erat
678 2374 731 2428 port
746 2366 817 2428 petria

144 2436 239 2477 mortem
255 2445 347 2479 uxorem
362 2428 430 2479 manu
445 2431 487 2479 suri
497 2432 620 2489 omiliae,
639 2431 743 2493 Apellem
760 2430 830 2493 (mi.

142 2494 237 2542 niatrum
248 2496 359 2556 quondam
369 2495 452 2544 frendit
463 2498 487 2543 iu
500 2498 571 2545 fratre
585 2497 691 2549 tollendo,
707 2496 815 2556 atqueob

142 2555 165 2609 id
172 2560 304 2620 requisitum
313 2577 329 2609 n
344 2560 447 2623 Philippo
461 2562 491 2609 ad
504 2560 648 2630 supplicium)
663 2560 820 2617 exulantem„
