1892 2909
148 111 198 158 sss
320 83 478 156 arraona
494 105 546 155 ιιι
560 103 639 152 sav.

146 235 238 298 triginta
249 241 327 282 senatu
337 241 461 282 moremnt.
486 231 598 282 Praetm
607 238 682 279 motus
693 229 768 293 syria
776 246 821 279 re-

146 315 203 362 gum
214 299 320 346 continet.

287 367 444 454 neruosas
460 403 556 453 amas
572 402 669 452 nunt

148 490 216 541 caso
227 492 321 540 Pomius
331 495 409 540 consul
419 495 443 540 in
452 492 550 541 'lbruoid
559 494 616 540 male
626 493 733 540 adrerum
743 491 820 538 Seor-
850 498 854 507 “

148 557 220 604 discos
240 560 355 620 pugnavit.
390 557 499 605 Lustrum
520 573 534 605 a
551 558 678 605 censoribus
696 557 817 603 eonditum

147 621 194 668 est-¹
220 621 295 671 Censa
313 629 365 669 sunt
383 623 465 670 civium
484 623 556 684 oepita
571 629 669 669 trecenta
686 621 817 682 nonaginta

147 694 242 747 quatuor
258 687 332 742 millia,
352 695 451 734 trecenta
465 688 557 749 triginta
572 701 619 733 sex.
651 685 752 738 AEmilia,
769 683 816 731 Li-

147 751 212 805 cirris,
235 751 329 805 Marcia,
352 752 450 812 virgines
469 751 578 804 Vestales,
599 750 678 796 incesti
700 749 817 795 &mum

142 825 214 867 ,suntr
232 815 298 876 idque
307 817 416 862 incestum
426 816 611 876 quemadmodum
622 822 645 861 et
657 813 814 866 summissim,
825 835 828 841 ¹

148 885 173 924 et
188 880 353 940 deprehensum,
373 887 395 926 et
412 880 546 926 vindicatum
562 881 598 933 sit,
618 879 719 926 refertur.
747 875 817 924 cim-

147 943 188 996 bn',
205 958 261 1004 gens
276 959 340 1006 vaga,
358 945 505 1006 populabundi
518 946 541 990 in
557 942 671 1004 Illyricum
683 949 812 989 veneunt:

148 1007 212 1052 abiis
224 1006 325 1068 Papin'us
337 1007 410 1056 Carbo
421 1009 500 1054 consul
513 1023 564 1054 oum
578 1009 677 1054 exercitu
690 1006 755 1052 aron
767 1012 813 1051 est.

149 1069 229 1117 Livius
240 1071 331 1119 Drusus
341 1073 419 1119 consul
428 1073 533 1119 adversus
544 1073 679 1124 Scordiscos,
695 1076 788 1132 gentem
798 1083 816 1116 a

151 1135 224 1183 Gallis
235 1136 355 1191 oriundam,
368 1137 391 1183 in
401 1135 497 1184 Thracii
506 1136 599 1184 feliciter
608 1135 725 1199 pugnavit.

291 1241 447 1290 EPITOME
464 1240 560 1290 LIBRI
576 1241 670 1289 LXIV.

149 1328 294 1384 Ananim
313 1331 372 1377 bello
389 1329 471 1392 petitus
487 1327 635 1391 a-Jugarua,
654 1336 678 1376 et
692 1329 716 1376 in
732 1328 817 1390 oppido

152 1391 217 1442 cirta
226 1395 336 1448 obsessus,
349 1401 426 1440 contra
436 1394 625 1441 denuntiationem
636 1394 733 1447 senatus,
747 1395 776 1440 ab
786 1407 816 1440 eo

150 1459 237 1504 oeoisus
248 1465 288 1505 est.
315 1459 351 1506 Ob
362 1460 405 1504 boc
415 1459 456 1520 ipsi
466 1457 587 1520 Jugurthoe
597 1459 678 1505 bellum
688 1458 811 1505 indictum

150 1521 216 1584 idque
228 1521 361 1584 Calpurnius
373 1521 450 1569 Bestia
460 1523 539 1568 consul
547 1537 627 1584 gerere
635 1525 719 1586 jussus,
734 1535 813 1585 paoem

151 1601 202 1633 cum
218 1585 333 1650 Jugurtha
347 1587 432 1648 injussu
447 1587 523 1648 populi
539 1595 562 1632 et
578 1589 668 1634 senatus
680 1586 741 1633 fecit.
768 1585 814 1634 Ju-

150 1649 239 1712 gurtba,
255 1651 299 1697 fide
312 1648 399 1712 publici
413 1658 518 1698 evocatus
532 1651 560 1697 ed
573 1651 701 1698 indicandos
711 1657 814 1697 auctores

151 1715 293 1761 consiliorum
306 1731 403 1769 snorum,
420 1715 481 1774 quod
494 1715 577 1761 multos
590 1713 684 1778 peronii
697 1717 721 1761 in
735 1722 814 1763 emam

151 1778 275 1840 corrupisse
285 1779 404 1834 dicebatur,
420 1779 517 1826 Romam
528 1780 602 1826 venit:
621 1788 651 1834 et,
667 1785 757 1842 propter
768 1793 823 1826 cas-¹

150 1843 210 1897 dem,
222 1843 340 1902 admissam
351 1844 374 1890 in
385 1845 487 1906 regulum
496 1843 620 1904 quemdam,
632 1845 723 1890 nomine
730 1843 825 1890 Mosen

151 1923 211 1963 vam,
219 1908 256 1968 qui
266 1923 360 1970 regnum
372 1910 426 1970 ejus,
439 1909 521 1970 populo
527 1909 632 1954 Romano
642 1909 715 1961 invisi,
726 1907 824 1954 anem«

150 1973 195 2026 bat,
213 1972 295 2019 Rornae
311 1973 458 2027 interfectum,
477 1989 527 2021 curn
542 1973 708 2036 periclitaretur,
726 1986 815 2018 causam

153 2038 230 2098 eapitis
241 2037 313 2084 dicere
319 2039 403 2100 jussus,
416 2038 473 2084 clam
483 2037 589 2099 profugit,
605 2046 635 2091 et,
652 2038 732 2084 cedens
742 2036 813 2090 Urbe,

152 2100 223 2148 fertur
233 2102 327 2148 dixisses
347 2109 362 2131 ‘⁴
370 2102 392 2149 0
400 2103 477 2150 urbem
484 2101 592 2155 venalem,
605 2103 813 2163 etoitoperitumm,

152 2165 171 2212 si
182 2173 290 2212 emtorem
300 2166 410 2213 invenerit
417 2165 441 2214 !''
458 2167 490 2212 A.
499 2166 628 2212 Postumius
638 2167 732 2228 legatus,
744 2165 816 2212 inten-

152 2229 207 2276 citer
217 2231 296 2290 proelio
304 2231 409 2278 adversus
416 2229 553 2292 ,Iugurtham
561 2238 633 2293 gesto,
644 2246 721 2292 paoem
728 2243 816 2291 quoque

153 2293 233 2354 adjecit
243 2294 421 2355 ignominiosam,
437 2309 504 2356 quam
519 2310 565 2341 non
577 2306 629 2342 'esse
641 2295 770 2343 servandam
781 2309 816 2340 se-

148 2359 324 2406 uatus'censuit.

302 2453 458 2504 EPITOME
476 2453 573 2504 LIBRI
587 2454 668 2502 LXV.
817 2512 820 2519 ¹

153 2539 185 2596 Q,
197 2537 321 2589 Casoruus
332 2542 441 2590 Metellus
451 2545 531 2592 consid
540 2543 626 2592 dnobtn
635 2543 720 2605 proeliis
730 2542 818 2607 Jugrnr·
