1892 2909
269 70 403 133 aaran
418 83 471 133 aa
486 83 556 133 xm.
574 84 636 136 cn.
650 90 683 134 s..
760 86 821 147 rac¹

136 210 191 258 ilem
211 209 234 259 in
256 221 357 261 senatum
378 213 519 263 introductae.
554 212 648 263 Summa
669 213 808 276 qrserelam

138 283 195 330 erat,
207 283 229 306 ⁴¹
238 274 307 327 Cives
322 296 374 326 suos
388 280 471 327 Romae
486 296 566 327 censos
580 281 697 343 plerosque
707 279 807 325 Romam

137 340 312 403 commigrasse:
331 344 391 409 quod
405 346 424 391 si
437 344 585 407 permittatur,
602 345 717 407 perpaucis
730 344 808 390 lustris

136 403 246 460 futurum,
263 414 289 454 ut
299 410 386 455 deserta
396 410 483 473 oppida,
500 410 581 456 deserti
591 410 647 470 agri,
664 409 750 455 nullum
765 408 808 454 mi·

135 468 202 517 litem
218 471 271 517 dare
284 472 403 535 possent.”
437 473 553 535 Fregellas
566 489 655 535 qaoque
669 473 738 519 millia
751 488 808 533 qua·

137 542 192 581 tuor
201 534 333 584 familiarum
344 538 450 585 transisse
463 539 491 585 ab
501 554 533 593 sc,
551 538 663 586 Samnites
674 536 808 599 Pelignique

138 602 299 659 querebantur:
319 617 391 663 neque
402 618 429 651 eo
440 603 514 649 minus
524 611 563 650 aut
573 604 615 649 hos
625 610 664 650 aut
673 602 724 647 illos
734 602 757 646 ia
768 602 809 648 de·

135 663 222 727 ‘lectum
233 666 328 713 militum
340 666 398 714 dure.
426 668 517 715 Genera
527 675 601 715 autem
610 667 694 714 fraudis
704 666 749 712 duo
757 680 808 711 rnu-

134 730 214 776 'tandae
229 730 311 777 viritim
326 732 421 779 civitatis
431 732 521 779 inducta
529 740 600 779 eram·
634 731 686 779 Iex
697 731 769 783 socii&
781 744 808 777 ⁸⁰

139 794 237 841 nominis
246 794 320 841 Latini
331 796 369 856 qui
380 798 470 859 stirpem
479 812 508 843 ex
516 812 566 844 sese
573 797 633 843 domi
649 797 805 857 relinquerent,

136 857 211 912 'dabat
224 866 249 905 ut
260 860 319 907 cives
330 860 428 907 Romani
438 860 530 908 tierent:
549 860 576 909 eti
585 863 637 923 lege
646 862 705 908 male
716 860 807 915 utendo,

135 922 176 968 alii
195 924 268 978 sociis,
290 925 426 987 aliipopulo
436 926 550 980 Romano,
568 927 670 987 injuriam
688 926 805 975 faciebant.

134 986 202 1037 'Nam
216 996 245 1041 et,
264 1003 293 1035 ne
307 990 397 1053 stirpem
412 991 472 1037 domi
486 991 642 1051 relinquerent,
659 992 740 1037 liberos
754 1006 808 1036 suos

134 1052 297 1113 vquibusquibus
304 1053 414 1101 Romanis
424 1056 447 1101 in
458 1070 507 1102 eam
518 1056 675 1109 conditionem,
693 1064 718 1102 ut
728 1070 808 1101 manu-

133 1117 287 1171 mitterentur,
304 1120 414 1181 mancipio
433 1119 520 1174 dabant,
536 1120 676 1180 libertinique
691 1120 752 1165 cives
770 1134 807 1165 es-

138 1189 202 1228 sent:
216 1189 240 1229 et
250 1184 329 1243 quibus
339 1184 418 1246 stirpes
429 1184 523 1238 deesset,
535 1199 601 1245 quam
612 1185 768 1244 relinquerent,
781 1190 807 1229 ut

135 1244 199 1293 'cives
215 1246 314 1294 Romani
329 1245 442 1313 [fiebant]
477 1247 566 1303 Postea,
584 1248 619 1295 his
629 1263 717 1308 quoque
726 1247 807 1309 imagi-

105 1322 111 1329 ‘
133 1311 265 1373 vnibusjuris
276 1313 362 1373 spretis,
374 1314 500 1375 promiscue
510 1314 559 1360 sine
568 1314 626 1375 lege,
638 1313 686 1359 sine
696 1313 771 1373 stirpe,
783 1312 806 1357 in

133 1376 250 1423 >civitatem
259 1376 386 1423 Romanam
394 1393 433 1440 per
440 1378 597 1440 migrationem
604 1384 627 1425 et
633 1391 726 1423 censum
734 1383 808 1422 traus-

134 1440 206 1487 ibant.
242 1440 302 1487 Haec
313 1457 342 1489 ne
352 1450 429 1503 postea
438 1442 525 1496 fierent,
540 1443 644 1504 petebant
653 1440 729 1503 legali,
748 1446 772 1486 ei
781 1446 808 1485 ut

138 1505 210 1552 redire
219 1506 243 1551 in
254 1503 354 1553 civitates
360 1506 464 1569 juberent
479 1508 552 1554 socios
559 1523 575 1564 ς,
583 1506 663 1554 deinde
672 1513 698 1551 ut
708 1505 759 1566 lege
769 1518 807 1550 ca-

139 1578 224 1624 verent,
243 1585 271 1617 ne
285 1571 334 1631 quis
348 1586 414 1631 quern
425 1572 522 1619 civitatis
532 1570 645 1617 mutandae
659 1567 727 1616 causi
740 1583 806 1615 suum

138 1633 228 1689 faceret,
245 1650 302 1682 neve
312 1635 430 1683 alienaret:
449 1645 480 1691 et,
491 1638 510 1683 ai
521 1637 571 1697 quia
581 1636 613 1682 ita
622 1635 679 1682 civis
688 1634 807 1682 Romanus

132 1698 210 1747 ‘factus
221 1708 279 1746 esset
291 1702 348 1747 m.
382 1700 443 1747 Haec
454 1702 571 1763 impetrata
580 1701 607 1747 ab
618 1708 703 1747 senatu

169 1762 217 1819 IX.
236 1764 364 1817 Provinciae
379 1766 464 1819 deinde,
482 1766 572 1827 quaein
590 1766 648 1812 bello
664 1770 735 1819 erant,
753 1764 807 1811 Sar·

137 1829 196 1877 dinia
213 1836 279 1890 atque
297 1829 482 1877 Istria'decretae.
518 1828 547 1875 In
564 1830 687 1877 Sardiniam
703 1830 755 1876 duae
773 1830 806 1874 le·

129 1895 216 1955 'gionea
227 1894 291 1941 scribi
297 1896 383 1959 jussae;
394 1896 462 1955 quina
471 1896 541 1941 millia
550 1895 574 1940 in
585 1896 685 1957 singulas
696 1901 719 1940 et
726 1892 807 1938 duceni

136 1958 229 2021 pedites,
247 1960 330 2006 treceni
345 1960 445 2020 equites3
462 1967 486 2007 et
499 1959 615 2006 duodecim
629 1959 697 2005 millia
706 1957 806 2018 peditum

137 2024 246 2069 sociorum
265 2038 291 2070 ac
307 2022 383 2071 Latini
399 2024 504 2078 nominis,
521 2032 545 2071 et
558 2023 658 2070 sexcenti
673 2022 765 2083 equites,
782 2026 807 2065 et

136 2088 213 2134 decem
228 2089 397 2150 quinqueremes
408 2104 484 2143 naves,
502 2089 642 2136 si'deducere
652 2101 681 2133 ex
691 2084 807 2131 navalibus

136 2152 210 2199 vellet
245 2152 396 2200 Tantumdern
407 2154 506 2215 peditum
516 2154 660 2215 equitumque
670 2152 694 2196 in
705 2148 804 2202 latriam,

136 2224 243 2279 quantum
255 2218 278 2263 in
288 2218 418 2272 Sardiniam,
431 2220 552 2265 decretum
571 2218 605 2265 Et
615 2217 727 2279 legionem
738 2228 806 2260 unam

137 2297 187 2329 cum
196 2283 305 2343 equitibus
316 2284 428 2337 trecentis,
440 2293 463 2329 et
473 2285 571 2343 quinque
581 2282 650 2329 millia
659 2280 758 2343 peditum
769 2294 807 2325 so·

137 2348 229 2400 ciorum,
247 2355 270 2393 et
284 2348 391 2395 ducentos
406 2348 567 2409 quinquaginta
581 2347 671 2393 mittere
684 2345 771 2406 equites
782 2344 807 2389 in

137 2410 271 2473 Hispaniam
290 2414 392 2459 consules
408 2412 436 2458 ad
453 2412 489 2458 Μ.
504 2412 614 2459 'litinium
626 2411 692 2474 jussi.
728 2407 807 2455 Prius-

137 2492 202 2537 quam
218 2477 322 2523 consules
336 2477 462 2538 provincias
477 2477 616 2529 sortirentur,
632 2474 734 2537 prodigia
749 2486 808 2517 nun-

137 2542 190 2589 tiata
208 2548 274 2587 sunt:
293 2541 388 2603 lapidem
406 2542 430 2586 in
449 2556 505 2603 agro
524 2539 672 2589 Crustumino
689 2538 713 2585 in
732 2536 806 2581 lacum

137 2604 261 2653 Martisue
275 2604 334 2653 coelo
347 2604 465 2653 cecidisse:
485 2620 578 2670 puerum
590 2604 663 2651 trunci
673 2598 773 2662 corporis
783 2598 808 2641 ln
