1892 2909
132 78 163 123 16
227 74 258 124 T.
272 74 361 125 LlVll
378 74 432 125 Lu.
445 72 573 123 xxm
593 74 653 126 Osr-
670 76 707 123 16.

131 204 252 267 Equidem,
270 221 312 255 nee
326 208 380 267 quid
394 215 488 261 teocam,
506 222 549 253 nec
559 203 668 267 quitenus
677 204 811 269 proloquar)

132 271 237 319 invenio:
257 272 276 319 si
286 272 369 333 aliquid
379 272 517 335 ignorabitis,
534 287 565 318 ne
574 272 649 317 locum
660 268 812 333 negligentia

131 335 196 392 dem;
210 338 313 401 siomnia
321 339 441 392 nudsvero,
454 337 585 383 uenimiuru
594 337 684 382 terroris
692 334 810 381 offisndnm

130 401 202 455 vobis,
220 418 306 449 vereor.
342 403 460 463 Quidquid
475 403 560 455 dixero,
580 402 662 454 minus,
680 415 747 461 quam
762 413 811 460 pro

132 467 249 515 atrocitate
260 475 288 515 et,
293 469 448 529 magnitudine
458 468 497 521 rei,
513 467 597 513 dictum
608 467 689 513 scitote
698 479 760 512 esse:
780 469 811 510 ut

132 530 162 578 sd
177 533 301 579 cavendum
319 534 372 579 setis
387 534 423 586 sit,
441 533 529 579 dabitur
540 532 712 594 opernsnobis.
746 528 812 575 Beo-

133 596 233 646 manate
245 596 293 644 toti
303 600 351 659 jorn
366 598 451 659 pridem
465 596 538 651 tulit,
555 603 579 643 et
592 611 654 643 nunc
667 611 707 657 per
720 594 811 641 Urbem

131 662 198 707 etism
207 662 284 707 multis
294 664 350 709 locis
361 678 417 716 esse,
430 678 477 711 non
483 660 544 709 ismi
554 662 623 708 modo
633 662 745 722 accepisse
754 672 809 711 vos,

47 762 52 776 1
132 726 172 771 sed
182 727 301 789 crepitibus
311 728 378 775 etism
393 729 557 789 ululatibusque
568 726 691 778 nocturnis,
706 724 745 786 qui
755 738 811 785 per·
891 784 895 788 ,

133 798 215 837 sousnt
230 789 279 837 toti
290 791 360 846 Urbe,
379 800 465 839 certum
480 794 566 848 hahe03
583 800 697 844 ceterum,
713 804 766 852 quae
778 802 810 835 en

132 870 169 901 res
180 856 215 910 sit,
228 857 345 918 ignorare:
364 858 419 904 alios
427 857 532 905 Deorum
542 857 638 918 sliquem
647 856 740 909 cultum,
751 853 810 900 elion

131 935 263 967 concessum
274 922 352 968 ludum
364 930 387 969 et
397 924 511 969 lascivium
520 938 570 969 esse
577 922 674 974 eredere,
686 928 717 973 et,
730 918 809 980 quile-

132 1000 228 1046 eumque
243 987 279 1041 sit,
296 988 325 1033 sd
337 1004 420 1049 paucos
431 988 549 1049 pertineri.
585 986 656 1040 Quod
666 986 694 1033 sd
704 984 810 1031 mudtitu·

131 1050 205 1097 dinem
217 1066 295 1100 eorum
306 1053 394 1106 attinet,
409 1054 429 1099 si
440 1053 518 1099 dixero
529 1054 599 1099 mults
609 1052 680 1098 millis
689 1050 809 1096 horminum

132 1130 187 1169 esse,
205 1116 264 1163 illico
275 1132 366 1164 neccsse
376 1126 418 1170 est,
433 1118 604 1173 exterresmini;
621 1117 664 1162 nisi
675 1116 808 1177 adjunxero.

132 1180 169 1241 qui
181 1182 300 1242 qualesque
311 1183 362 1228 sint.
399 1182 501 1229 Pn'mum
511 1184 582 1244 igitur
591 1181 710 1228 mulierum
722 1193 808 1241 mogun

131 1242 182 1307 puri
193 1252 242 1304 est;
260 1255 283 1293 et
297 1248 316 1292 ir
330 1246 382 1293 fons
397 1248 448 1294 mali
464 1248 557 1309 hujusce
570 1246 625 1293 fuit:
645 1245 725 1293 deinde
736 1244 809 1291 simil-

130 1310 178 1356 limi
189 1310 278 1358 feminis
289 1326 368 1364 meres,
382 1313 476 1373 stuprati
484 1321 507 1359 et
515 1318 703 1373 constupratores,
715 1308 808 1357 fanatici

132 1371 247 1440 [vigilem]
267 1377 328 1432 vino,
346 1378 480 1439 strepitibus,
498 1378 675 1437 clamoribusque
689 1373 811 1422 nocturni}

131 1441 227 1501 attoniti.
263 1441 345 1488 Nullus
356 1441 427 1489 adhuc
439 1442 498 1488 vires
509 1442 641 1503 coqjurctio,
653 1448 762 1487 coeterum
772 1439 813 1485 in-

131 1512 271 1553 crementum
282 1507 363 1568 ingens
374 1506 454 1553 virium
466 1508 538 1559 hebet,
557 1507 618 1567 quod
631 1507 655 1551 in
670 1506 718 1553 dies
732 1505 809 1566 plures

131 1567 196 1617 fiunt.
231 1570 333 1632 Majores
343 1572 421 1624 vestri,
438 1587 466 1619 ue
477 1588 519 1619 vos
530 1572 628 1632 quidem,
643 1572 685 1617 nisi
696 1585 749 1617 cum
760 1577 807 1625 eut,

131 1634 214 1689 vexillo
233 1636 257 1681 in
277 1651 328 1683 erce
345 1638 426 1697 posito,
447 1638 590 1683 comitiorum
608 1634 677 1683 cousi
695 1634 809 1683 exereitus

131 1698 226 1747 eductus
240 1707 306 1755 esset,
325 1708 364 1748 aut
378 1702 436 1764 plebi
451 1703 571 1750 concilium
582 1702 665 1748 triluui
676 1701 808 1754 edixissent,

131 1770 171 1811 aut
187 1765 265 1826 uliquis
282 1780 311 1811 ex
325 1767 493 1829 magistratibus
507 1769 536 1814 ad
550 1769 681 1814 concionem
697 1763 808 1819 meimet,

131 1826 190 1876 forte
199 1836 283 1877 temere
294 1832 354 1879 coire
363 1832 492 1879 voluerunt:
507 1841 536 1886 et.
547 1832 682 1893 ubicumque
689 1830 810 1878 multitudo

132 1901 199 1948 esset,
216 1895 246 1942 ibi
261 1904 285 1942 et
299 1896 426 1959 legitimum
441 1907 552 1945 rectorem
567 1897 716 1943 multitudinis
730 1910 810 1944 oente-

132 1958 189 2007 btnt
201 1960 281 2007 debere
294 1977 350 2009 esse.
388 1962 473 2017 Quales
484 1964 581 2024 primum
593 1971 715 2008 nocturnos
725 1969 809 2015 emtus,
859 1982 865 1991 ¹

132 2022 213 2077 deinde
228 2026 367 2087 promiscuos
383 2028 504 2074 mulierum
519 2044 546 2074 sc
562 2027 668 2080 virorum,
689 2040 739 2073 esse
758 2041 810 2073 ere·

131 2086 201 2136 ditis?
230 2091 261 2143 Si,
280 2093 359 2152 quibus
376 2093 479 2139 aetatibus
493 2092 609 2139 initientur
625 2108 705 2146 mures,
724 2091 807 2145 scistis,

131 2167 180 2201 nou
198 2156 303 2203 miserest
322 2172 457 2204 voscorum
475 2157 556 2211 solum,
577 2158 617 2203 sed
633 2158 700 2204 etiem
717 2156 807 2218 pudent·

134 2216 188 2266 Hoc
206 2230 346 2267 sacramento
365 2222 463 2269 initiatos
479 2224 575 2284 juvenes
595 2222 677 2269 milites
695 2220 811 2268 iscieudos

133 2286 237 2338 censetis,
257 2285 375 2340 Quirites?
400 2287 427 2333 iis
444 2301 473 2333 ex
488 2289 596 2334 obocoeno
613 2287 709 2333 saorsrio
723 2285 811 2333 eductis

132 2363 195 2397 unna
206 2350 384 2413 committenda?
404 2353 433 2405 hi,
450 2354 550 2414 cooperti
566 2353 649 2413 stupris
664 2352 711 2398 suis
720 2351 812 2398 eueni*

131 2428 183 2525 pue,
200 2430 241 2525 ppo
252 2413 359 2525 pudictitpd
369 2418 493 2479 conjugum
507 2433 533 2463 ne
548 2418 668 2463 iberorum
683 2423 811 2464 vostrorum

143 2494 194 2525 erro
220 2494 315 2526 eoernen

134 2526 137 2533 '
164 2542 235 2589 xv1.
254 2544 358 2591 “uuus
366 2553 442 2593 tamen
449 2554 517 2600 essee
530 2546 650 2609 sinagius
657 2543 809 2597 autumem

128 2608 207 2665 minuti
223 2604 305 2665 forent,
323 2611 435 2675 (ipsorum
450 2611 474 2661 id
489 2610 574 2675 mgni
588 2626 618 2661 ex
631 2619 695 2676 psrte
708 2610 806 2661 dedecus
