1892 2909
12 324 14 459 l

204 118 235 171 T‘.
247 120 336 171 LIVII
351 120 406 171 Lm.
420 119 546 171 xxxix
563 120 626 171 car.
639 123 681 172 25.
744 126 778 172 26

97 254 214 317 jucturam
224 262 352 315 querentes,
368 254 409 302 sed
424 260 497 303 totum
507 252 666 300 Athamaniam
684 252 726 300 sub
738 252 781 316 ji!

99 317 330 444 {dieiumqueregip
340 321 449 397 vetuisse..
472 318 506 367 Et
514 318 680 395 Maronitamm
690 318 782 365 exsules

120 383 195 448 erant]
206 386 272 447 pulsi,
289 398 341 446 quia
356 386 463 432 libertatus
478 398 567 431 canaam
586 382 735 446 defendisqent
747 383 782 430 ab

12 464 14 511 t
105 448 171 511 tegio
184 450 304 510 praesidio:
323 450 401 495 iinon
417 450 551 497 Maroneam
566 448 642 501 modo,
659 450 698 495 sed
712 449 781 505 edam

103 511 203 568 AEnurm
222 514 246 561 in
261 521 372 577 potestate
383 515 514 561 nuntiabant
525 514 622 575 Philippi
638 529 695 560 esse.
730 512 781 559 Ve-

103 586 187 625 nerant
197 586 242 627 eta
251 579 355 641 Philippo
365 580 434 643 legati
442 580 474 627 ad
484 579 600 642 purganda
610 594 652 625 ea:
669 578 708 639 qui
716 578 780 631 ninii,

103 642 147 689 nisi
158 646 271 705 permissu
279 644 435 691 Romanorum
445 646 612 706 imperatorum,
623 642 709 690 factum
720 643 781 689 affir-

103 708 205 755 mabant.
237 716 253 739 ‘⁶
263 707 373 757 Civitates
384 708 552 763 Thessalomm,
564 716 589 755 et
596 706 778 761 Perrhaeborum,

103 779 129 819 et
142 772 289 834 Magnetum,
299 781 385 821 etcum
396 774 547 835 Amynandro
555 774 709 821 Athamnum
721 788 783 835 gen·

102 844 160 891 tem,
172 838 197 883 in
208 836 286 885 eidem
297 839 369 894 cauri,
382 838 427 901 qud
437 839 536 893 AEtolos
551 837 627 885 fuisse.
663 838 780 885 Antiocho

12 900 13 903 ¹
102 917 160 965 rege
175 904 248 965 pulso,
263 912 395 966 occupatum
407 904 563 966 oppugnandis
572 902 680 949 AEtolicis
690 903 780 951 urbibus

101 968 222 1015 cone-ulem
240 969 268 1015 ad
285 970 421 1031 recipiendas
435 984 473 1015 eas
483 969 585 1015 civitates
596 968 725 1030 Philippum
736 968 780 1013 rni-

103 1032 176 1078 aisse:
196 1034 265 1080 amds
276 1036 378 1081 subacto
386 1032 490 1096 parere”
514 1034 617 1086 Senatm,
629 1048 659 1079 ne
667 1034 780 1093 quidahs·

12 1098 13 1127 ³
104 1103 160 1145 ente
176 1112 232 1159 rege
246 1106 359 1153 statueret,
375 1099 462 1161 legatos
473 1099 501 1145 sd
510 1114 549 1145 eas
560 1098 723 1145 controversias
734 1098 780 1143 dis-

104 1162 229 1224 ceptandas
236 1164 303 1217 misit,
316 1164 350 1219 Q.
361 1162 479 1212 Caecilium
487 1163 616 1217 Metellum,
628 1162 665 1209 M.
675 1162 779 1209 Baebium
804 1162 810 1171 '

12 1218 13 1221 ¹
104 1224 260 1289 Tamphilum,
270 1227 307 1274 Tr.
318 1229 488 1291 Sempronium3
499 1244 594 1289 quorum
602 1228 777 1283 subadventum,

104 1292 134 1339 ed
144 1291 278 1340 Thessalica
288 1293 375 1355 Tempe
386 1294 489 1340 omnihus
505 1294 533 1339 iia
549 1293 681 1346 civitatibus,
699 1293 781 1353 quibua

105 1371 159 1403 cum
172 1373 228 1419 rege
236 1359 366 1421 disceptatio
377 1366 431 1412 eret,
444 1359 564 1405 concilium
574 1358 682 1403 indictum
694 1364 736 1404 est.

139 1420 228 1468 XXV.
248 1422 344 1471 ibicum
355 1424 454 1470 Romani
461 1423 531 1485 legati
539 1424 711 1484 disceptatorum
719 1422 778 1477 luco,

106 1484 214 1533 Tbessali
226 1486 384 1549 Perrhaebique
395 1495 418 1535 et
426 1488 565 1535 Athamanes
576 1488 636 1535 haud
646 1488 705 1533 dubii
713 1502 780 1534 accu-

105 1558 201 1606 satores,
212 1550 329 1616 Philippus
339 1555 368 1601 ad
376 1554 484 1600 audienda
493 1554 587 1599 crimina
593 1561 707 1612 tamquam
718 1567 779 1607 reus,

106 1616 279 1675 consedissent3
295 1634 336 1681 pro
353 1618 444 1681 ingenio
458 1619 554 1679 quisque
569 1632 654 1669 eorum,
670 1617 708 1678 qui
718 1618 780 1680 prin-

104 1682 168 1743 cipes
184 1682 323 1745 legationum
340 1691 410 1739 eraut,
427 1690 452 1730 et
467 1681 541 1745 gratid
555 1698 607 1729 cum
622 1681 726 1744 Philippo
741 1689 781 1729 aut

104 1746 166 1801 odio,
185 1748 285 1795 acerbius
300 1750 401 1797 leniusve
417 1755 520 1811 egerunt.
555 1747 585 1794 In
604 1748 778 1794 controversiam

104 1818 183 1859 autem
199 1813 317 1861 veniebant
332 1812 501 1876 Philippopolis,
518 1811 606 1866 Tricca,
624 1811 735 1867 Phaloria,
755 1820 783 1860 et

104 1874 255 1937 Eurymenae,
268 1888 291 1925 et
299 1886 382 1927 caetera
392 1879 451 1926 eirca
461 1894 499 1926 eas
510 1878 589 1939 oppida
595 1895 603 1935 ς
621 1885 696 1923 utrum
701 1876 779 1937 Thes-

103 1942 205 1989 aelorum
211 1945 277 2007 juris,
290 1960 341 1991 cum
352 1945 376 1991 vi
384 1946 479 1991 ademtae
489 1958 644 2005 possessaeque
654 1944 682 1989 ab
692 1940 778 1989 AEtolis

102 2006 188 2062 forent,
202 2008 266 2072 (nam
278 2007 405 2072 Philippum
415 2009 502 2057 AEtolis
512 2008 621 2055 ademisse
634 2023 673 2054 eas
687 2014 778 2054 consta-

103 2070 156 2131 bat)
173 2088 203 2119 an
219 2074 319 2121 AEtolica
328 2070 458 2135 'antiquitus
476 2089 504 2121 ea
523 2073 603 2135 oppida
617 2072 726 2119 luissent:
745 2071 778 2133 itq

104 2136 168 2184 enim
178 2136 278 2185 Acilium
289 2141 338 2203 regi
348 2141 492 2193 concessisse,
505 2139 524 2186 si
532 2138 663 2185 AEtolorum
673 2136 775 2191 fuissent,

104 2209 129 2249 et
146 2201 166 2247 ai
183 2203 306 2259 voluntate,
325 2220 371 2251 non
388 2206 407 2251 si
423 2206 447 2252 vi
463 2212 532 2265 atque
545 2204 613 2251 armis
627 2204 706 2256 coacti,
724 2215 777 2249 cum

104 2266 194 2314 AEtolis
215 2277 298 2319 essent.
341 2269 450 2332 Ejusdem
470 2269 576 2318 formulae
596 2268 727 2330 disceptatio
749 2267 778 2314 de

105 2330 280 2380 Perrhaeborum
298 2334 480 2396 Magnetumque
494 2334 580 2396 oppidis
596 2332 652 2379 fuit:
675 2332 781 2379 omnium.

103 2396 224 2460 enimJura
230 2400 544 2461 possidendoperoccasioaes
550 2397 623 2445 AEtoli
631 2398 774 2444 miscuerant.

103 2456 144 2509 Ad
155 2463 213 2517 haec,
225 2480 276 2525 quae
290 2464 455 2526 disceptationis
466 2470 537 2517 erunt,
549 2464 645 2523 querelae
655 2462 783 2507 'l'hessaloae

104 2542 156 2575 rum
167 2528 268 2592 adjectae,
288 2536 303 2559 ‘¹
314 2529 373 2589 quod
388 2545 415 2575 eo
431 2528 518 2590 oppidu,
537 2528 616 2589 siJam
633 2526 779 2571 redderentur
880 2526 882 2532 ’

103 2592 152 2647 flii,
165 2594 260 2655 spoliata
270 2609 296 2641 ac
304 2594 392 2642 deserta
399 2593 526 2641 redditurus
536 2599 611 2637 eaaet:
626 2603 686 2642 nam,
695 2594 781 2657 praeter

102 2657 255 2771 Μὲὶοἰυιέυ
267 2660 368 2751 amissos,
383 2658 521 2723 quingentos
534 2655 646 2768 principes
651 2651 788 2715 juventutis.
