1892 2909
285 84 315 133 T.
328 85 417 134 LIVII
433 87 487 135 Lu.
502 88 556 135 XL.
576 88 636 139 Cn.
651 96 692 139 29.
793 95 824 139 at

187 212 315 263 XXVIII.
333 210 393 263 Βίιιιι
403 217 436 263 cie
446 223 535 265 montet
545 226 619 266 caena
628 219 742 282 ligurrnn
752 226 824 265 aaut.

153 278 194 328 Ex
203 281 239 335 iis,
255 280 332 343 primia
347 280 433 335 diebun·
447 282 495 328 sole
509 290 567 337 orto,
582 285 664 345 pariter
674 299 753 331 omnen
764 299 828 329 corn·

152 346 221 407 poaiti
240 352 263 391 et
282 346 385 392 instructi
400 347 562 407 procedebant:
586 356 642 401 tum,
662 350 705 395 uisi
724 348 827 401 exsatiati

153 410 203 457 cibo
217 410 323 471 vinoque,
340 424 403 457 uma
416 424 462 463 non
476 413 603 474 capiebant:
625 413 725 474 dieperrI,
741 412 827 459 inordi-

152 474 201 521 nati
210 475 317 531 exibant3
334 481 359 520 ut
370 476 448 535 quibus
459 491 500 536 pro
510 492 551 538 ape
564 485 651 524 eertum
665 485 732 530 erret
748 478 825 523 hostes

152 546 218 585 extra
232 540 316 585 vallum
329 539 395 601 cigna
409 554 456 585 non
470 541 575 587 elaturos.
610 542 728 588 Adversus
743 542 775 587 ita
790 541 825 586 in-

151 604 291 663 compositos
310 618 349 649 eos
366 605 489 658 venientes,
509 606 607 653 clamore
624 606 707 667 pariter
725 606 825 651 omnIum

151 668 192 728 qui
203 668 226 713 ln
238 668 316 715 castris
326 675 397 722 erant,
410 669 513 715 calonum
524 686 614 732 quoque
623 677 647 717 et
656 671 759 723 fixarum,
773 671 826 715 rub-

150 732 208 784 leto,
226 732 293 779 simul
306 730 495 793 ornnibtu'portie
508 734 607 781 Romani
620 741 749 796 erupemnt.
784 731 825 779 Li·
886 733 889 736 ’

150 795 248 858 grunius
257 795 313 842 adeo
323 796 444 855 improvisa
454 812 491 843 rea
499 797 550 851 fuit,
562 807 588 843 ut
598 800 696 860 perinde,
708 814 734 844 ac
745 797 765 844 ni
772 798 827 843 inei·

150 860 197 907 dila
208 859 353 906 circumventi
364 859 446 914 forent,
462 861 604 921 trepidarent.
639 863 757 924 Exiguum
768 870 826 909 tem-

150 924 216 986 porie
227 924 299 984 aliqua
308 923 381 971 forma
391 939 474 985 pugnae
484 923 540 971 fuit:
558 926 615 987 suga
624 926 704 973 deinde
713 926 790 981 eilirea,
802 933 826 973 et

149 988 289 1049 fugientium
301 988 383 1049 passim
394 989 468 1035 caeder
478 996 533 1035 erat.
560 990 679 1051 Equitilrua
689 992 742 1038 dato
750 992 823 1053 signo,

151 1060 183 1101 ur
191 1052 368 1099 conscenderent
378 1067 454 1113 equor,
467 1068 509 1100 nee
519 1052 618 1115 effligere
625 1071 759 1116 quemquam
767 1056 837 1103 eine.

150 1123 213 1169 rent,
233 1117 257 1163 in
276 1124 349 1163 caetra
367 1130 446 1165 omnen
462 1116 547 1180 trepidi
561 1118 617 1181 fugi
632 1121 741 1181 compulsi
756 1127 823 1167 eunt:

150 1181 236 1229 deinde
253 1182 307 1242 ipsit
325 1181 388 1227 exuti
406 1182 493 1228 castris.
528 1184 600 1244 Supra
617 1184 742 1244 quindecim
758 1185 828 1231 millia

151 1246 269 1308 Ligurum
280 1261 308 1293 eo
319 1246 354 1293 die
364 1247 444 1300 occisa
459 1253 524 1309 cepta
533 1248 578 1294 duo
588 1248 657 1296 millia
667 1256 692 1296 et
700 1248 824 1310 quingenti.

151 1309 242 1359 Triduo
253 1318 304 1371 poet
314 1310 427 1372 Ligurum
439 1310 593 1373 Ingaunorum]
604 1328 671 1359 omne
681 1327 772 1366 nomen,
786 1315 827 1359 ob-

153 1375 241 1425 sidibus
251 1376 313 1429 datie,
330 1376 354 1421 in
367 1376 474 1422 ditionem
489 1377 557 1423 venit.
593 1378 760 1425 Gubernatoree
771 1392 829 1423 nau-

151 1447 232 1501 taeque
244 1440 368 1502 conquisiti,
386 1441 424 1501 qui
440 1438 599 1505 [praedatores]
614 1442 710 1489 furiuent
724 1442 824 1495 novibur,

152 1512 224 1565 atque
234 1520 312 1551 onmes
322 1505 347 1551 in
357 1505 480 1552 custodiam
490 1507 601 1569 conjecti:
619 1514 643 1553 et
657 1522 671 1553 a
682 1504 710 1553 C.
721 1505 826 1553 Matieno

153 1570 274 1617 duumviro
285 1584 354 1617 naret
364 1570 412 1634 ejus
423 1572 512 1633 generis
522 1571 546 1617 in
556 1568 678 1633 Liguetini
688 1568 727 1617 ori
735 1570 827 1633 triginta

153 1634 208 1683 dum
219 1642 290 1697 oaptae
301 1642 360 1681 nunt.
396 1634 457 1683 Haee
467 1636 506 1697 qui
519 1638 655 1689 nuntiarent,
670 1636 789 1695 literaeque
799 1634 829 1681 ad

154 1706 259 1747 neretum
277 1698 369 1754 ferrent,
393 1699 421 1745 1.
441 1700 548 1747 Aureliue
567 1700 644 1755 Cotta,
668 1698 696 1749 C.
716 1699 829 1761 Sulpiciur

156 1764 246 1818 Gallus,
260 1764 359 1811 Romam
370 1764 446 1822 mieei3
464 1766 573 1826 simulque
582 1774 691 1829 peterent,
707 1773 733 1812 ut
742 1765 774 1811 1.
783 1764 828 1811 AE-

155 1830 226 1883 milio,
239 1828 340 1877 confecti
349 1828 471 1891 provincii,
484 1830 596 1885 decedere
604 1839 627 1877 et
632 1832 741 1877 deducere
752 1844 828 1876 secum

155 1894 240 1941 milites
255 1894 338 1948 liceret,
356 1902 423 1955 etque
438 1894 556 1942 dimittere.
592 1896 721 1955 Utnrmque
733 1893 829 1955 permit·

155 1974 208 2005 eum
219 1959 247 2005 ab
258 1966 343 2013 senatu,
358 1966 381 2006 et
391 1960 521 2021 supplicatIo
532 1960 561 2007 ad
571 1960 647 2007 omnin
655 1959 780 2021 pulenariu
788 1971 829 2018 per

153 2024 255 2071 triduum
266 2024 368 2071 decreta:
382 2026 485 2087 jussique
494 2033 609 2085 praetores,
622 2024 725 2070 Petillius
735 2023 831 2068 urbanae

154 2088 269 2137 <liuttere
278 2089 386 2151 legiones,
402 2088 485 2136 Fabius
497 2090 563 2135 sociis
573 2096 641 2149 atque
650 2086 736 2133 nomini
747 2085 830 2132 Latino

154 2154 271 2201 remittere
282 2154 408 2211 delectum
422 2160 445 2200 et
456 2154 489 2199 uti
499 2161 583 2215 praetor
594 2154 691 2199 urbanus
702 2150 831 2198 consulibua

156 2218 270 2272 scriberet,
283 2226 385 2265 senatum
397 2234 487 2279 aequum
498 2220 600 2272 censere,
611 2217 728 2264 subitarios
738 2216 829 2267 militen,

156 2283 269 2330 tumultus
288 2281 355 2331 cauri
370 2283 516 2346 conscriptos,
536 2284 609 2345 primo
624 2298 714 2343 quoque
729 2288 831 2343 tempore

156 2348 247 2395 dimitti.
434 2382 438 2387 .

189 2411 289 2459 XXIX.
310 2411 406 2461 Colonia
418 2413 536 2460 Graviscae
547 2427 575 2457 eo
585 2426 646 2459 anno
657 2410 752 2457 deducta
762 2408 831 2455 estin

152 2492 236 2539 agrum
247 2476 379 2533 Etruscum,
395 2478 423 2524 de
437 2476 636 2537 Tarquiniensibus
651 2476 764 2536 quondam
779 2486 833 2531 cap-

155 2551 213 2589 tum.
249 2541 327 2595 Quina
337 2544 419 2605 jugera
432 2541 483 2605 agri
497 2542 561 2587 data:
579 2541 669 2587 tresviri
684 2540 833 2585 deduxerunt»

157 2605 187 2657 C·
197 2605 335 2670 Calpurnius
345 2607 407 2665 Piso,
424 2606 452 2653 P.
464 2605 574 2659 Claudius
584 2604 690 2657 Pulcher,
707 2601 736 2649 C.
745 2598 833 2645 Teren·
892 2669 895 2674 Ι
