1892 2909
420 296 581 347 EPITOME

232 400 328 451 LIBRI
346 399 619 458 QUADRAGESIMI
637 396 770 455 QUINTI.

168 542 278 593 Pnsuus
287 548 315 593 nb
325 547 419 595 AEmiiio
431 546 503 595 Paulo
513 550 536 594 in
548 548 691 596 Samothrece
701 551 779 607 ceptus
790 507 842 591 est:

169 610 228 657 Cum
246 612 380 665 Antiochus,
398 613 472 673 Syriae
491 628 537 666 rex,
556 611 704 659 Ptolemaeum
722 616 745 656 ot
764 607 840 657 cleo-

166 682 259 736 patram,
276 676 374 738 AEgypti
389 692 460 739 reges,
480 678 595 731 obsideret,
613 684 636 723 et
651 675 724 721 missis
738 674 766 720 ed
781 688 839 719 eum

167 755 181 785 a
191 748 269 786 senatu
279 741 367 801 legetis,
379 742 418 801 qui
423 744 535 804 juberent,
548 742 575 788 ub
585 741 698 787 obsidione
709 739 762 801 socii
773 736 840 799 regis

167 804 289 857 absisteret,
307 805 414 865 editisque
425 807 534 853 mendatis
549 804 738 852 consideraturum
752 817 778 849 se
788 802 837 857 ilie,

168 867 220 927 quid
230 867 355 915 faciendum
366 876 433 923 esset,
451 871 600 933 respondisset
608 883 691 927 sunus
702 882 731 913 ex
744 866 837 928 legetis,

168 930 283 992 Popillius,
300 931 366 995 virgi
376 950 453 995 regem
466 934 651 995 circumscripsit3
664 932 782 995 jussitque,
795 945 839 977 ὓ]-
940 942 941 955 ’

168 1003 257 1055 tequam
268 997 350 1045 circuio
361 1000 486 1053 excederet,
504 1013 634 1061 responsum
649 997 725 1043 duret:
745 992 789 1056 qud
800 1010 840 1043 u·
940 998 941 1005 ’

167 1061 261 1121 pentane
270 1060 351 1116 effecit,
369 1070 395 1110 ut
405 1064 531 1110 Antiochus
541 1064 624 1110 bellum
635 1062 754 1109 omitteret.
789 1056 839 1107 Le-

167 1125 270 1187 gationes
280 1128 440 1188 gratulantium
450 1128 582 1189 populorum
598 1142 624 1174 ec
639 1142 718 1189 regum
731 1126 756 1171 in
771 1139 839 1173 sena·

169 1196 217 1235 tum
228 1191 339 1237 admissae.
373 1191 521 1246 Rhodiorum,
539 1192 590 1253 quie
600 1207 627 1238 eo
637 1190 696 1238 bello
707 1196 785 1237 contre
795 1205 839 1251 po-

168 1255 245 1315 pulum
264 1254 393 1302 Romanum
413 1255 522 1310 faverant,
542 1257 639 1303 excluse.
675 1253 771 1301 Postero
792 1254 837 1308 die,

169 1334 221 1363 cnm
232 1319 260 1365 de
270 1336 298 1365 eo
308 1328 450 1380 quereretur,
462 1328 489 1367 ut
499 1321 526 1367 iis
536 1321 618 1367 beilum
627 1319 766 1372 indiceretur,
782 1332 839 1365 cau·

169 1397 216 1430 sam
231 1383 254 1429 in
269 1392 347 1431 senatu
361 1386 438 1446 patriae
452 1400 500 1432 suae
515 1385 582 1447 legati
597 1392 705 1447 egerunt:
726 1399 767 1431 nec
778 1388 839 1429 tam·

170 1462 236 1508 quum
245 1449 326 1502 hostes,
339 1465 380 1496 nec
389 1457 502 1510 tamquam
513 1450 574 1503 socii,
587 1450 679 1496 dimissi.
701 1447 840 1497 Macedonia

168 1513 192 1557 in
206 1514 327 1574 provinciae
340 1513 434 1560 formem
446 1515 534 1561 redacte
548 1521 588 1561 est.
624 1513 731 1561 AEmilius
742 1510 837 1567 Paulus,
851 1542 853 1545 -

168 1579 636 1705 ittttttntdttffistittttt
652 1580 839 1695 ffiffi.

168 1705 258 1765 pharit:
276 1714 300 1752 et
311 1705 397 1753 Persen
409 1722 460 1753 cum
471 1709 541 1755 tribus
551 1708 602 1753 filiis
615 1714 668 1754 ante
678 1722 768 1755 currum
779 1706 839 1753 dux-

168 1768 200 1814 it:
220 1770 284 1831 cujus
302 1771 407 1833 triumphi
423 1772 501 1819 laetitie
518 1788 546 1819 ne
563 1772 632 1819 solida
650 1772 670 1819 ei
686 1772 836 1833 contingeret,

169 1833 264 1879 duorum
275 1832 370 1881 fiiiomm
380 1835 494 1884 funeribus
510 1836 616 1899 insignite
630 1843 677 1883 est:
697 1850 791 1898 quorum
802 1834 839 1881 ai-

168 1898 237 1945 terius
252 1914 313 1945 mors
328 1901 396 1961 petris
410 1901 547 1963 triumphum
561 1900 683 1963 praecessit,
700 1901 790 1948 alterius
801 1914 839 1945 se-

169 1971 221 2010 cute
230 1970 272 2010 est.
296 1961 405 2011 Lustrum
416 1966 529 2012 conditum
537 1973 572 2012 est
582 1980 596 2013 s
606 1965 741 2013 censoribus·
761 1962 839 2013 censa

170 2037 222 2075 sunt
236 2030 318 2076 civium
334 2030 406 2092 capite
420 2038 520 2078 trecente
537 2031 653 2079 duodecim
671 2030 746 2083 millia,
763 2028 838 2075 octin-

169 2101 239 2154 genta
248 2094 351 2156 quinque.
387 2094 485 2149 Prusias,
503 2094 618 2155 Bithyniae
629 2110 676 2149 rex,
689 2094 794 2147 Romam,
811 2100 838 2139 ut

169 2160 255 2204 senatui
265 2160 414 2220 gratularetur
428 2161 456 2206 ob
471 2160 586 2207 victorium
597 2175 627 2206 ex
637 2156 772 2207 Macedonici
785 2173 837 2219 per-

171 2228 224 2273 tem,
243 2224 319 2280 venit;
336 2232 359 2270 et
373 2223 521 2271 Nicomedem
538 2224 608 2271 filium
623 2225 709 2273 senatui
723 2237 837 2271 commen-

170 2285 238 2331 darit.
274 2287 333 2341 Rex,
351 2289 429 2350 plenus
444 2288 583 2344 adulationis,
600 2290 704 2338 libertum
721 2304 746 2337 se
762 2286 838 2353 popuii

171 2348 270 2397 Romani
282 2352 373 2401 dicebat.
