1892 2909
168 89 218 137 852
286 83 316 135 T.
331 81 419 134 mvn
436 82 492 134 Las.
506 82 587 137 xiv.
606 79 667 140 cn.
679 86 721 137 40·

167 229 215 262 non
229 223 357 277 potuerunt,
374 213 397 263 et
413 205 517 263 omm'bus
531 215 632 263 confudit
643 216 744 262 smmum
753 215 848 264 tadum

167 279 257 341 quidam
267 295 359 336 moeror,
376 282 414 341 qui
425 281 512 328 sincero
523 297 562 328 eos
572 281 616 329 frui
626 281 716 343 gaudio,
729 282 846 340 quamdiu

168 346 209 390 sub
228 346 298 392 oculis
314 347 377 407 pueri
392 345 490 400 fuerunt,
509 361 554 392 uon
571 347 660 392 sineret.
696 344 763 392 Pone
780 345 847 392 filios

166 409 283 457 incedebat
290 426 342 456 cum
352 425 421 457 rrxore
432 410 537 463 Perseus,
549 411 610 472 pullo
621 411 711 463 amictu,
724 424 779 455 cum
792 425 847 456 cre-

167 473 224 535 pidis
234 475 310 522 Graeci
321 476 396 530 moris,
415 475 514 537 stupenti
523 483 547 522 et
556 476 652 522 attonito
663 475 748 526 similis,
766 481 795 520 et
806 475 846 521 cui

168 540 301 600 magnitudo
311 541 420 586 malorum
435 547 534 588 mentem
547 541 639 586 omnino
653 539 760 600 eripuisse
775 539 847 585 vide-

168 612 238 650 retur.
274 604 411 666 Sequebatur
428 605 551 652 amicorum
567 613 591 652 et
605 604 746 652 familiarium
763 605 843 657 turba,

168 683 264 728 quorum
274 668 298 714 in
309 671 373 716 vultu
384 670 448 718 dolor
457 671 535 732 maris
548 671 665 723 eminebat,
682 669 773 729 quique,
787 683 844 714 cum

169 733 438 854 &diffiditis
445 734 845 850 inidifflttffitt

169 875 287 908 memores.
314 860 382 908 Hunc
393 865 482 922 quidem
493 863 640 925 ignominiam
649 861 781 924 deprecatus
792 867 844 908 erat

170 923 274 978 Perseus,
296 926 370 972 missis
391 927 420 972 ad
441 928 567 980 AEmilium,
589 928 628 986 qui
647 933 744 979 orarent,
766 941 799 972 ne
818 927 843 972 in

169 989 283 1050 triumpho
299 991 423 1037 duceretur.
458 991 520 1038 Risit
536 991 644 1038 AEmilius
660 990 758 1037 bominis
773 991 844 1052 igne·

168 1053 236 1108 viam,
254 1061 284 1108 et,
303 1056 353 1102 “id
367 1055 481 1116 quidem,”
498 1057 578 1116 inquit,
597 1062 613 1086 ‘⁴
624 1056 648 1120 in
664 1055 734 1116 ipsius
751 1063 775 1102 et
793 1055 843 1117 pri·

170 1117 287 1174 demisit,
305 1127 328 1166 et
345 1135 405 1166 nunc
422 1127 463 1175 est,
481 1135 549 1167 mauu
567 1135 594 1167 ac
609 1127 721 1183 potestate
727 1118 753 1177 ;”
771 1121 843 1167 tacite

169 1197 273 1240 mouens,
291 1192 317 1231 ut
332 1184 442 1247 generosi
455 1192 528 1242 morte
541 1185 571 1239 id,
588 1185 649 1245 quod
660 1186 781 1238 metuebat,
800 1185 844 1232 de-

171 1248 239 1296 decus
258 1248 374 1310 effugeret.
410 1249 456 1297 sed
472 1249 532 1297 forte
548 1249 665 1298 consilium
684 1264 730 1296 non
749 1250 843 1296 admisit

171 1313 244 1360 mollis
255 1315 356 1372 aninius3
373 1321 397 1362 et
407 1314 482 1361 nescio
492 1314 537 1375 qui
547 1330 586 1377 spe
596 1315 712 1368 delenitus,
725 1314 805 1360 maluit
816 1315 841 1360 in

170 1377 254 1440 predae
263 1393 310 1434 suae
318 1386 381 1442 parte
390 1380 438 1442 ipse
448 1380 567 1427 numerari.
597 1379 777 1440 ersdringentae
787 1379 844 1427 inde

172 1457 263 1490 coronae
279 1459 353 1492 aureae
369 1446 520 1506 ponebantur,
539 1444 611 1492 Paulo
629 1446 657 1492 ab
673 1445 776 1492 omnibus
792 1443 844 1492 fere

174 1507 272 1556 Graeciae
280 1516 303 1556 et
314 1508 377 1556 Asiae
388 1509 513 1556 civitatibus
522 1511 547 1556 in
557 1510 730 1572 gratulationem
737 1509 844 1557 victoriae

67 1627 70 1636 ι
170 1587 211 1634 per
221 1573 307 1636 legatoi
318 1574 377 1621 dono
388 1575 475 1621 misse:
495 1576 587 1636 grands
595 1590 656 1629 sane,
669 1575 738 1636 siper
748 1589 773 1620 ae
783 1574 842 1635 ipsae
853 1612 858 1622 ,

171 1641 330 1697 spectarentur,
342 1639 413 1700 pretii,
427 1639 466 1686 sed
473 1639 591 1687 mediocris
601 1639 699 1687 accessio
706 1639 842 1685 immanium

171 1715 246 1763 opum,
259 1717 311 1762 quae
321 1703 344 1748 in
355 1705 398 1760 boc
409 1704 521 1766 triumpho
532 1711 667 1752 transvecta
676 1699 774 1750 fuerant
785 1701 814 1766 ¹]

204 1764 259 1812 XL.
273 1767 389 1814 Summam
397 1769 469 1814 omnis
478 1769 560 1832 captivi
566 1771 614 1829 auri
624 1769 756 1834 argentique
765 1776 841 1815 mens-

170 1829 210 1877 iati
225 1831 351 1878 sestertium
367 1834 447 1880 millies
458 1834 572 1884 ducenties
582 1834 658 1888 iisisse,
671 1833 776 1881 Valerius
787 1833 841 1878 An-

171 1896 214 1942 tias
225 1895 305 1954 tradit;
318 1893 391 1964 [quae]
404 1897 462 1944 haud
473 1899 539 1946 dubie
548 1901 620 1962 major
630 1899 743 1960 aliquanto
752 1908 841 1945 summa

171 1975 201 2009 ex
215 1975 308 2008 numem
319 1963 468 2023 plaustrorum
484 1964 661 2024 ponderibusque
671 1963 725 2016 auri,
743 1962 840 2024 argenti,

171 2026 296 2088 generatim
310 2027 337 2073 ab
353 2027 401 2089 ipso
417 2028 512 2089 scriptis,
530 2029 633 2075 efficitur.
667 2028 773 2075 Alterum
788 2033 840 2073 ao-

173 2097 222 2136 tum
233 2097 272 2138 aut
281 2092 305 2137 in
315 2091 396 2139 beilum
408 2093 535 2153 proximum
545 2093 679 2145 absumtum,
693 2098 732 2138 aut
742 2092 766 2138 in
776 2089 840 2154 fugis,

172 2170 224 2202 oum
234 2156 392 2204 Samothracen
402 2163 496 2218 peteret,
508 2158 639 2218 dissipatum
650 2157 753 2202 tradunt:
767 2171 840 2216 eoque

171 2219 195 2266 id
204 2221 323 2267 mirabilius
331 2227 385 2275 erat,
398 2222 457 2282 quod
467 2229 555 2268 tantum
566 2221 668 2283 pecuniae
678 2221 737 2268 intra
746 2220 840 2282 triginta

172 2299 243 2331 annos
254 2292 305 2346 post
318 2287 400 2332 bellum
413 2285 509 2348 Philippi
520 2301 572 2332 cum
583 2285 701 2338 Romanis,
718 2286 799 2346 partim
810 2300 839 2332 ex

170 2347 246 2394 fructu
264 2350 410 2404 metallorum,
426 2352 507 2412 partim
523 2365 552 2398 ex
566 2349 711 2411 vectigalibus
726 2349 782 2402 aliis,
800 2365 840 2396 co-

171 2419 298 2458 acervatum
313 2413 392 2460 iuerat.
427 2413 509 2475 Itaque
522 2415 642 2461 admodum
657 2414 721 2473 inops
737 2414 839 2474 pecuniae

172 2474 294 2538 Phiiippus,
308 2476 404 2524 Perseus
412 2486 491 2526 contra
500 2480 618 2541 praedives,
634 2478 716 2526 benere
726 2492 778 2522 cum
789 2476 839 2524 Ro-

171 2539 243 2584 manis
258 2541 332 2601 eoepit.
368 2540 421 2603 Ipse
434 2550 549 2604 postremo
564 2540 649 2593 Paulus
660 2542 683 2587 in
694 2557 760 2601 curru
775 2557 797 2588 m
828 2570 839 2580 -

172 2616 232 2656 mm»
251 2618 302 2650 cum
317 2604 426 2666 dignitate
439 2605 482 2656 ais
494 2608 601 2669 corporis,
616 2614 665 2656 tum
680 2604 770 2654 renecti
783 2606 838 2668 ipsa,
