1892 2909
247 97 276 150 r.
291 96 381 152 mvn
396 95 450 154 uu
465 95 546 152 mv.
565 95 627 148 cn.
641 102 680 149 ss.
753 105 804 158 ses
882 84 887 90 ’

127 245 185 293 epus
191 238 278 286 essent3
288 226 517 292 [navaibushrmis
521 229 645 291 juventute
650 227 735 285 nostri,
743 231 803 280 sicut

118 296 236 359 ‚prioribus
246 295 316 348 bellis,
328 294 357 342 ad
367 293 442 340 omnia
452 301 541 355 paratos
550 294 607 342 iore.
620 293 672 341 'Ne
682 303 800 358 praestare-

122 377 185 414 mua,
197 377 236 423 per
244 375 286 408 vos
295 360 363 413 stetit,
376 359 421 420 qui,
433 359 461 406 de
468 356 609 421 quicumque
616 357 690 415 causi,
702 369 750 408 tum
759 362 799 412 ad-

126 427 223 488 spernati
242 432 319 472 nostra
334 425 416 472 auxilia
431 423 491 470 estis.
522 423 605 485 Neque
617 424 713 472 fecimus
729 427 799 489 igitur

120 491 245 552 ¹quidquam
264 498 378 550 tamquam
397 490 481 543 hostes,
503 503 577 549 neque
594 490 704 536 bonorum
723 492 797 538 socio-

124 571 176 602 rum
187 555 297 602 defuimus
308 555 397 611 officio;
414 553 454 600 sed
467 569 482 600 a
496 554 559 600 vobis
572 554 677 615 prohibiti
688 564 796 616 praestare

122 619 215 670 suimus.
250 627 257 650 ⁸
269 620 332 674 Quid
349 618 438 681 igitur?
459 619 544 664 nihilne
559 618 644 666 factum
660 635 733 681 neque
749 621 796 670 dio-

117 693 173 734 -tum
183 686 252 734 estin
263 685 354 732 civitate
363 681 445 737 vestri,
459 682 552 737 Rhodii,
567 684 627 745 quod
638 685 734 739 nolletis,
750 702 796 747 quo

116 752 204 798 ‚merito
220 749 369 797 offenderetur
383 748 480 811 populus
495 747 640 795 Romanusi’
668 749 732 797 Hinc
746 752 796 814 J'am

123 831 177 871 non,
198 815 259 877 quod
274 815 360 861 sactum
380 821 422 868 ent,
443 812 575 860 defensurus
591 829 641 860 sum
665 815 724 878 (non
739 817 796 864 adeo

122 879 229 940 insanio),
242 881 281 926 sed
289 879 399 941 publicam
407 893 497 926 causam
510 878 671 940 apriratorum
683 877 747 942 culpi
758 897 795 930 ss-

122 953 266 1008 greguturus·
293 943 364 992 Nulla
374 943 434 990 enim
445 949 480 990 est
490 942 576 997 civitas,
592 959 645 1004 quie
659 959 705 990 non
715 952 739 992 et
749 946 793 994 im-

121 1012 205 1072 probos
222 1009 285 1056 cives
302 1008 426 1068 aliquando,
446 1015 471 1054 et
485 1008 610 1069 imperitam
626 1009 791 1059 multitudinem

117 1071 792 1200 cmm

555 1172 564 1195 θ

117 1205 209 1267 quando
218 1219 233 1252 a
243 1203 306 1251 vobis
316 1203 410 1265 plebem,
426 1218 468 1250 nec
483 1203 507 1248 in
520 1210 631 1265 potestate
645 1203 720 1251 vestri
730 1220 790 1252 rem-

118 1271 229 1334 publicam
239 1268 316 1316 fuisae.
338 1268 363 1318 si
374 1269 417 1314 hoc
427 1268 451 1314 in
461 1268 504 1314 hac
514 1275 561 1314 tam
570 1269 628 1314 bene
637 1266 724 1316 morati
734 1270 791 1318 civi·

115 1343 166 1382 tate
176 1335 276 1382 accidere
289 1332 370 1399 potuit,
386 1333 461 1384 mirari
474 1332 591 1393 quisquam
605 1340 688 1395 potest,
703 1334 790 1395 aliquos

114 1400 189 1448 inisse
199 1399 258 1462 apud
266 1413 315 1452 nos,
327 1397 372 1458 qui.
385 1399 444 1460 regis
452 1398 571 1444 amicitiam
582 1405 691 1459 petentes,
703 1399 789 1460 plebem
822 1410 824 1414 ·

115 1471 220 1520 ,nostram
235 1463 333 1522 consiliis
348 1462 510 1526 depravarent?
527 1463 565 1523 qui
579 1470 654 1509 tamen
666 1463 721 1509 nihil
731 1465 790 1514 ultra

117 1529 244 1582 ¹valuerunt,
259 1543 327 1588 quarn
339 1529 397 1574 utin
408 1527 482 1574 officio
492 1543 637 1574 cessaremus.
664 1527 719 1574 Non
729 1545 790 1590 prae-

119 1594 190 1642 teribo
205 1594 234 1648 id,
251 1593 312 1654 quod
327 1593 486 1655 gravissimum
500 1600 535 1640 est
547 1593 572 1638 in
582 1593 625 1638 hoc
635 1593 693 1639 bello
704 1593 789 1643 crimen

115 1659 216 1706 civitatis
231 1667 322 1708 nostres.
349 1656 450 1720 Legatos
466 1657 545 1704 eodem
560 1665 661 1719 tempore
673 1664 697 1705 et
707 1658 736 1706 ad
746 1674 789 1708 vos

117 1731 142 1772 et
153 1724 181 1772 ad
192 1722 276 1772 Persea
286 1723 314 1770 de
324 1738 379 1784 pace
387 1723 500 1770 misimus:
516 1723 578 1784 quod
584 1721 663 1769 infelix
670 1723 788 1772 consilium

114 1788 216 1836 iunctus
227 1788 265 1852 (ut
271 1795 349 1850 postea
356 1784 494 1848 audivimus)
505 1795 581 1834 orator
588 1788 744 1836 stultissimum
755 1789 790 1837 fe·

113 1854 160 1902 cit:
178 1869 245 1916 quem
254 1853 286 1902 sic
296 1853 396 1900 locutum
407 1860 503 1907 constat,
514 1859 628 1913 tamquam
640 1851 668 1900 C·
678 1851 789 1915 Popillius

114 1920 204 1983 hgatus
214 1918 341 1972 Romanus,
353 1933 419 1978 quem
428 1918 456 1964 ad
467 1918 632 1965 submovendos
642 1933 656 1964 a
665 1917 725 1964 bello
735 1919 787 1966 An-

115 1985 216 2032 tiochum
235 1991 259 2031 et
277 1981 427 2030 Ptolemaeum
446 1997 512 2044 reges
529 1982 628 2035 misistis,
648 1981 784 2043 loqueretur,

115 2049 162 2098 aet
172 2057 248 2096 tamen
258 2063 292 2102 m,
308 2049 357 2096 sive
371 2047 473 2109 superbia
487 2048 534 2093 sive
549 2047 643 2094 stultitia
657 2047 788 2110 uppdlands

115 2123 158 2168 eat,
170 2114 255 2168 eaden.
268 2128 320 2174 quae
330 2113 449 2175 spadum,
461 2120 485 2160 et
492 2111 550 2174 apud
561 2111 645 2159 Persea
654 2110 705 2159 fuit.
726 2110 786 2160 Tam

114 2178 247 2232 civitatium,
263 2183 331 2238 quam
342 2177 484 2240 singulorum
494 2176 618 2230 hominum,
629 2191 705 2224 mores
716 2185 784 2227 sunta

112 2250 197 2308 gentes
206 2257 295 2304 quoque
305 2243 355 2290 alite
365 2243 486 2296 iracundae,
501 2242 551 2288 aliae
565 2241 667 2296 audaces,
683 2242 786 2303 quaedam

115 2308 214 2356 timidae:
233 2308 257 2354 in
272 2307 357 2361 vinum,
373 2307 397 2354 in
409 2305 523 2354 Venerem
535 2307 651 2368 proniores
661 2306 712 2354 alite
723 2316 783 2356 sunt.

112 2372 288 2422 Atheniensium
296 2373 404 2436 populum
409 2371 470 2420 fama
477 2379 512 2419 est
519 2372 615 2418 celerem
622 2378 646 2418 ct
653 2386 721 2433 supra
728 2373 787 2420 vires

112 2437 221 2486 audacem
232 2452 282 2484 esse
291 2437 320 2484 ad
328 2437 465 2484 conandum:
483 2435 708 2484 lacedaemoniorum
716 2451 786 2484 cunc-

113 2510 217 2556 tatorem,
230 2502 301 2549 etrix
309 2502 374 2556 inea,
386 2503 466 2562 quibus
473 2501 529 2554 fidit,
538 2500 710 2563 ingredientem.
729 2500 785 2550 Non

113 2568 251 2632 negaverim,
267 2574 292 2614 et
305 2574 376 2614 totam
392 2566 456 2614 Asiae
471 2567 587 2628 regionem
597 2566 698 2614 inaniora
707 2581 786 2629 perere

111 2634 218 2699 ingenia,
231 2641 257 2682 et
275 2639 405 2682 nosuorum
424 2632 567 2680 ruminarem
584 2646 711 2681 sermonem
726 2647 785 2687 esse,

412 2708 414 2714 ’
486 2700 502 2744 2
513 2711 527 2743 r
543 2701 558 2743 8
