1892 2909
154 91 204 140 ³56
271 86 301 140 T·
315 83 410 144 Livll-
418 84 474 136 Lu·
488 83 569 144 XLV.
588 83 648 144 Car·
662 88 701 134 44·

155 217 251 268 Anicius
263 215 415 272 Quirinalibus
428 217 574 281 triumpharit
585 216 614 264 de
627 231 682 279 rege
692 215 784 266 Gentio
794 212 836 265 11-

156 283 269 344 lyriisque.
297 283 382 330 Similia
391 278 466 330 oninia
473 283 602 346 magisvisa
611 282 744 335 homnibus,
758 298 835 344 quam

156 349 229 412 paria:
224 348 317 394 .minor
323 348 371 409 ipse
378 349 506 411 imperator,
515 356 539 396 et
546 348 660 396 nobilitata
668 347 766 394 Anicius
776 364 835 394 oum

158 412 260 466 AErnilio‚
272 414 311 458 et'
301 429 355 474 Jure
365 415 450 476 imperii
461 424 546 476 praetor
553 429 604 460 cum
613 412 704 459 eounrle
714 413 832 459 οοιιιιιιιιι

158 493 205 527 ιιι
221 478 318 526 Gentius
335 466 425 533 Perseo,
444 494 491 526 non
505 478 577 539 Illyrii
592 477 762 531 Macedonibus,
783 492 836 524 non

159 541 230 605 spolia
244 543 326 606 spoliis,
344 558 389 589 non
397 545 496 606 pecunia
508 543 617 619 pecuniae,
634 554 681 588 aon
693 542 752 588 dona
764 542 837 589 donis

160 608 282 670 comparari
296 615 406 670 poterant
442 607 528 670 Itaque,
546 609 604 654 ιιιιιι
614 605 762 682 praetingebat
776 607 836 654 huic

160 674 285 734 triumphus
295 688 387 731 recens;
401 674 432 720 ita
442 673 576 735 apparebat·
570 687 643 733 ipsum
653 687 693 732 per
704 687 729 718 se
738 671 837 718 intuen-

160 738 219 786 tibus
230 735 368 798 nequaquam
380 753 429 784 esse
439 737 636 784 contemnendum
666 735 837 784 Perdomuerat

159 804 219 850 intra
237 817 320 863 paucos
338 803 392 856 dies,
410 799 469 849 terri
487 801 588 862 marique
606 800 711 856 ferooem,
728 801 838 862 locisque

160 867 252 914 munitis
262 865 350 920 fretam
362 875 453 930 gentem
464 866 609 927 Illynorum
628 867 838 928 regemregiaeque

161 947 240 980 omnes
251 931 325 992 stirpis
336 938 437 993 ceperat.
451 931 582 978 transtulit
576 946 600 976 m
611 931 749 992 triumphum
759 932 838 978 multa

161 997 264 1044 militaria
283 996 354 1058 signa,
375 997 488 1058 spoliaque
506 997 555 1050 alia,
573 1002 597 1043 et
615 996 776 1058 supellectilem
797 1013 837 1044 re·

161 1063 236 1126 giam:
255 1061 303 1108 auri
316 1061 391 1124 pondo
405 1062 487 1123 viginti
501 1069 525 1108 et
539 1067 631 1138 septam,
649 1061 738 1123 argenti
752 1060 836 1109 decem

161 1135 185 1174 et
196 1141 277 1174 novem
288 1126 377 1188 pondo·
395 1126 510 1174 denaritim
521 1127 564 1172 tn'a
573 1126 649 1180 millia,
660 1134 684 1173 et
694 1134 788 1173 centum
799 1127 837 1173 vi·

162 1193 221 1256 ginti
232 1191 300 1238 miliia
310 1191 382 1252 Illyrii
393 1192 487 1253 argenti.
517 1191 580 1238 Ante
591 1207 681 1237 currum
692 1191 754 1238 ducti
765 1192 837 1238 Gen-

162 1259 207 1309 tius
219 1272 259 1304 rex
269 1271 321 1303 oum
332 1257 429 1318 conjuge
440 1263 463 1302 et
472 1256 557 1310 liberis,
566 1263 590 1303 et
603 1254 753 1304 Caravantius
762 1255 837 1304 frater

163 1322 229 1384 regis,
242 1328 266 1369 et
276 1321 359 1382 aliquot
370 1321 454 1367 nobiles
465 1319 544 1398 Illyrii,
579 1320 620 1368 De
629 1320 706 1383 praedi
716 1321 835 1377 militibus,

162 1388 186 1434 in
197 1385 305 1448 singulos,
314 1387 469 1448 quadragenos
479 1387 560 1447 quinos
568 1386 677 1440 denarios,
687 1385 837 1447 duplexoen-

163 1453 252 1505 turioni
270 1451 351 1513 triplex
362 1451 436 1513 equiti,
450 1453 516 1498 sociis
527 1451 625 1498 nominis
636 1449 712 1498 Latini
723 1459 837 1511 quantum

164 1519 255 1570 civibus,
273 1523 297 1562 et
311 1518 377 1563 sociis
389 1517 504 1563 navalibus
518 1517 579 1564 dedit
592 1523 701 1577 quantum
715 1516 834 1563 minuma

164 1581 251 1630 Laetior
261 1583 321 1628 hunc
331 1582 468 1642 triumphum
479 1588 515 1631 est
525 1588 616 1628 secutus
625 1581 698 1634 miles,
711 1581 836 1642 mutisque

164 1647 210 1694 dun
218 1648 265 1708 ipse
273 1647 406 1694 carminibus
416 1645 546 1694 celebratus.
572 1647 705 1694 Sestertium
717 1646 837 1694 ducenties

162 1726 193 1758 ex
203 1709 230 1758 ei
240 1710 316 1772 praedi
326 1711 439 1758 redactum
451 1727 508 1766 esse,
525 1718 603 1758 auctor
617 1718 653 1758 est
667 1710 756 1764 Antias,
773 1727 837 1772 prae-

163 1782 287 1824 teramum
298 1783 468 1836 argentumque,
486 1777 546 1838 quod
556 1777 580 1822 ιι
591 1776 694 1824 aerarium
706 1777 734 1822 sit
744 1777 835 1824 lotumr

163 1841 224 1903 quod
238 1840 290 1901 quia
305 1841 364 1886 unde
379 1841 450 1904 redigi
459 1842 564 1903 potuerit,
582 1856 628 1889 noa
638 1842 763 1904 apparebat.
780 1856 838 1888 auo·

107 1945 111 1954 ,
164 1914 237 1957 torem
253 1920 294 1968 pro
312 1921 336 1952 re
351 1907 423 1967 posui.
459 1906 513 1954 Rex
529 1907 636 1961 Gentius,
653 1922 706 1954 oum
721 1906 794 1954 liberis
810 1914 837 1954 et

164 1972 261 2035 conjuge
268 1978 292 2019 et
300 1970 376 2025 fratre,
390 1971 514 2048 Spoletium
524 1972 548 2018 iu
558 1971 682 2020 custodiam
690 1986 721 2019 ex
731 1969 836 2018 senatiis·

164 2038 268 2086 ιοιιιιιιο
283 2036 376 2084 duetus:
397 2037 472 2084 oaeteri
487 2037 569 2100 captivi
583 2037 688 2086 Romae‘
681 2053 706 2084 ιιι
721 2051 836 2086 earnem

164 2103 273 2179 oqnjeoti·
292 2102 490 2162 recusantibusque
500 2103 623 2150 custodiam
636 2103 764 2164 spoletinis,
776 2100 836 2164 igu-

164 2163 432 2294 dirizintieiregrdiiiddiibi
447 2166 734 2291 eideniquddltiexntildy'nffl
687 2167 836 2295 regem

164 2313 204 2346 eos
216 2294 352 2356 Coroyraeis,
364 2303 387 2344 et
397 2268 584 2358 Apolloniairbus,
595 2306 620 2346 et
629 2297 786 2358 Dyrrachinis,
798 2295 832 2351 Q·

166 2359 260 2410 Cornus
270 2373 299 2406 ex
310 2361 516 2410 senatus-consulto
527 2363 610 2410 tribuit.

198 2423 292 2470 XLIV.
313 2423 426 2472 Consules
436 2441 464 2473 eo
475 2442 542 2480 anno,
553 2443 610 2488 agro
620 2434 709 2474 tantum
719 2425 833 2487 Ligurum

164 2487 277 2550 populato,
295 2503 347 2534 oum
362 2490 438 2536 hostes
449 2493 561 2538 exercitus
572 2507 686 2551 nunquam
696 2491 833 2546 eduxissent,

165 2549 227 2600 nulli
246 2566 270 2596 re
286 2555 422 2600 memorabili
437 2554 511 2616 gesti,
528 2557 627 2604 Romam
646 2556 674 2605 ad
691 2555 835 2618 imgiatntuu

166 2615 319 2676 subrogandos
334 2617 461 2677 redierunt3
479 2628 503 2666 et
519 2621 592 2683 primo
609 2620 715 2669 comitiali
729 2619 765 2668 die
778 2635 834 2668 ooa-
936 2626 937 2663 I
