1892 2909
179 97 213 145 aa
308 96 337 144 r.
351 93 439 144 mvn
455 94 509 143 aa
522 92 577 144 xr.
597 93 656 145 cu.
670 62 710 141 ia.

181 230 233 272 tus:
251 224 337 279 deinde,
360 225 451 273 dimisso
470 225 577 278 exercitii,
593 223 675 285 passim
691 223 715 270 in
729 220 797 269 riona
809 236 854 271 aa·

182 288 289 351 stellaque
299 304 339 336 sua
349 289 426 352 dilapsi
437 295 496 336 aunt.
520 286 632 337 &mules
641 301 730 348 quoque
736 286 856 335 dimittere

183 352 306 400 exereitum
321 354 446 408 voluerunt,
464 368 490 399 ac
504 353 533 400 de
548 350 576 399 ed
591 367 616 399 re
633 351 713 399 Patres
728 352 855 397 consulue-

184 424 244 481 runt.
279 418 383 465 Alterum
402 433 431 464 ex
444 418 487 471 his,
504 418 594 463 dimisso
608 417 713 469 exercitu,
730 414 759 462 od
774 416 855 477 maffi-

184 488 268 529 stratuu
280 482 304 528 in
315 496 397 529 annum
408 481 515 528 creandos
525 482 601 528 venire
608 480 706 527 Romam
716 481 854 541 jusserunt3

184 546 286 599 aiterum,
304 562 355 593 cum
365 545 489 608 legionibus
500 546 552 599 suis,
570 544 629 591 Pisis
639 544 742 590 hiemare
777 542 854 590 Fama

183 617 240 664 erat,
259 610 338 657 Gallos
351 608 510 671 Transalpinas
522 611 663 671 juventutem
680 622 778 655 armaret
796 621 852 661 nan,

183 673 208 720 in
219 690 286 735 quarn
296 675 410 736 regionem
421 674 494 721 Italiae
504 672 601 720 effusura
610 688 635 719 ae
647 671 766 718 multitudo
780 672 853 725 eset,

185 740 301 785 sciebatur.
329 737 365 785 Ita
374 739 432 785 inter
442 754 467 785 se
477 738 580 784 consules
590 734 751 797 compardrunt,
763 741 788 781 ut
799 732 849 783 On.

185 800 278 849 Bauius
292 801 320 847 ad
334 802 424 848 comitia
436 803 486 856 iret,
503 802 555 862 quia
568 795 605 848 M.
618 800 709 848 Baebius
722 798 790 847 irater
800 800 854 861 ejus

186 866 325 913 consulatum
335 867 429 927 petebat.

219 927 318 975 XVIII.
337 929 436 979 Comitia
444 930 571 976 consulibua
581 928 685 991 rogandis
691 925 767 975 fatre:
780 928 853 975 creati

185 992 215 1041 P.
226 990 345 1041 Cornelius
353 992 476 1056 Cethegus,
486 994 522 1040 Μ.
531 994 621 1040 Baebius
628 991 766 1054 Tamphibrs.
784 991 852 1040 Pras·

186 1064 247 1103 tores
261 1057 385 1112 indefecti,
403 1058 446 1105 duo
464 1057 497 1111 Q„
510 1057 579 1111 Fabii,
597 1057 713 1104 Maximus
727 1062 751 1103 et
764 1055 850 1111 Buteo,

186 1119 224 1168 Ti.
236 1119 342 1169 Claudius
353 1122 423 1176 Nero,
442 1121 713 1183 Q.Peu1nusspurinus,
730 1120 767 1166 Μ.
781 1120 853 1168 Pina-

186 1186 234 1231 rius
252 1184 333 1239 Posce,
354 1185 384 1232 L.
402 1185 527 1234 Duronius.
562 1185 614 1238 His,
635 1185 691 1231 inito
709 1185 849 1245 magistratu,

187 1248 308 1312 provincius
321 1250 353 1298 itu
368 1257 428 1297 sorte
442 1256 576 1297 eveneruntz
596 1247 693 1311 Ligures
707 1250 850 1307 consulibus;

187 1314 325 1376 praetcribus,
344 1314 375 1368 Q.
395 1314 484 1361 Petiliio
499 1316 588 1367 urbana,
607 1312 638 1366 Q.
657 1313 726 1359 Fabio
745 1313 862 1361 Maximo

187 1378 310 1441 peregrina,
324 1377 356 1431 0„
366 1378 435 1425 Fabiu
445 1378 543 1425 Buteoni
554 1378 635 1431 Gallia,
646 1376 683 1423 Ti.
695 1375 789 1425 claudio
799 1377 852 1425 Na-

188 1442 238 1489 roni
249 1442 329 1495 sicilia,
347 1441 382 1488 M.
397 1442 487 1488 Pinario
502 1443 609 1495 Sardinia
625 1440 655 1487 L.
668 1440 773 1487 Duronio
784 1442 851 1503 Apu-

187 1505 232 1562 iia;
248 1512 272 1552 et
291 1505 344 1552 latri
361 1507 447 1567 adjecti,
467 1507 526 1566 quod
543 1505 658 1553 Tarentini
677 1506 851 1567 Brundisinique

188 1571 324 1623 nuntiabant,
342 1570 462 1617 maritimos
477 1586 543 1633 agros
553 1569 646 1616 infestos
655 1570 850 1619 transmarinarum

188 1634 279 1680 navium
289 1635 409 1681 latrociniis
419 1649 476 1681 esse.
510 1634 595 1681 Eadem
607 1634 759 1681 Massilienses
768 1636 797 1681 de
807 1634 850 1682 Li-

189 1712 271 1759 gurum
281 1698 374 1745 novibus
384 1700 537 1758 querebantur.
561 1698 681 1745 Exercitus
691 1699 743 1746 inde
751 1699 848 1748 decreti:

189 1768 283 1821 quatuor
301 1763 401 1823 legiones
420 1764 551 1816 consubbus,
570 1763 649 1825 (quina
666 1763 734 1810 millia
751 1764 849 1813 ducenas

154 1876 159 1891 .
189 1826 307 1874 Romanos
316 1827 407 1887 pedites,
419 1834 520 1874 trecenos
530 1828 635 1874 haberent
644 1825 740 1887 equites)
752 1834 775 1873 et
784 1829 850 1888 quin-

189 1892 261 1939 decim
279 1891 348 1937 miilia
365 1892 449 1938 socidm
468 1907 495 1938 ac
513 1890 589 1937 Latini
606 1892 709 1946 nominis,
726 1892 849 1953 octingenti

189 1956 282 2017 equites.
317 1954 345 2001 In
360 1955 476 2019 Hispaniis
489 1964 632 2017 prorogatum
645 1956 756 2003 veteribus
767 1966 850 2017 praeto-

189 2022 250 2067 ribus
263 2020 379 2083 imperium
390 2027 430 2073 est,
448 2036 499 2067 cum
513 2020 645 2067 exercitibus
658 2035 715 2080 qnos
728 2021 846 2070 haberent:

116 2110 117 2119 κ
189 2094 213 2133 et
222 2086 246 2131 in
258 2085 432 2147 supplementum
443 2083 531 2133 decreta
541 2085 583 2131 trin
592 2084 660 2130 miliia
671 2085 752 2131 civium
763 2085 849 2134 Rorna-

189 2165 277 2203 norum,
294 2150 383 2197 'duoenti
399 2149 496 2209 equites:
515 2155 539 2196 et
556 2149 641 2195 sociiim
660 2147 735 2195 Latini
753 2150 849 2199 nominis
938 2185 939 2206 r

189 2229 231 2263 sex
240 2214 309 2259 millia
318 2212 422 2274 peditum
434 2214 527 2260 trecenti
536 2213 629 2274 equites.
662 2212 849 2264 Necreinaruiis
938 2213 939 2218 ’

190 2293 244 2325 cura
253 2278 347 2324 omissa:
367 2276 495 2325 duumviros
504 2279 528 2323 in
542 2293 591 2324 eam
602 2293 648 2325 rem
662 2278 764 2325 conam
774 2292 849 2327 creare

184 2343 251 2406 jussi,
267 2357 307 2403 per
317 2356 373 2401 quoa
383 2356 451 2388 navas
462 2341 541 2404 viginti
551 2343 651 2389 deductae
661 2342 774 2389 navalibus
784 2345 849 2393 sociis

188 2407 273 2453 civibus
287 2406 403 2459 Romanis,
420 2406 458 2466 qui
469 2407 597 2453 servitutem
608 2406 734 2460 servissent,
751 2409 849 2469 comple,

189 2476 279 2526 rentur;
296 2470 386 2532 ingenui
402 2477 488 2517 manum
499 2478 524 2517 ut
534 2472 561 2517 iis
570 2478 698 2533 praeessent.
732 2469 795 2519 Inter
806 2472 848 2519 du.
879 2525 885 2531 ἱ

190 2534 288 2581 umriros
298 2534 329 2581 ita
339 2534 408 2582 divisa
418 2536 499 2582 tuenda
509 2536 571 2583 danis
581 2536 673 2583 navibus
683 2536 846 2593 maritimarum,

186 2606 214 2647 at
224 2600 398 2661 promontorium
409 2599 435 2647 iis
444 2600 564 2655 Minervae,
581 2600 642 2648 reiut
652 2601 725 2655 cardo,
742 2601 766 2648 in
776 2602 847 2668 mediq
