1892 2909
138 71 155 115 4
240 66 272 117 Τ.
285 66 375 119 LIVIl
390 66 444 117 Bra.
453 63 583 117 XXXIX·
602 64 664 122 cu.
676 72 702 117 8·

171 195 207 245 ΙΙ·
227 196 297 249 caius
310 198 433 247 Flaminius
447 200 533 255 connrl,
553 215 605 247 cnm
619 195 754 245 Friniatibus
766 193 812 242 Ll-

138 260 813 393 tintinnssnltlrtoelffllffi

139 392 192 454 quia
208 408 254 440 non
272 392 357 441 sinceri
372 394 416 441 lide
432 395 553 451 tradebant,
570 408 622 441 cum
638 392 810 457 castigarentur,

138 458 223 505 relictis
233 458 296 513 vicis,
308 456 331 505 in
340 467 439 506 montem
448 460 566 523 Auginum
577 456 739 519 confligerent:
753 470 811 503 con-

137 520 214 571 festim
228 530 318 571 secutus
335 532 370 571 est
387 525 471 571 consul
508 522 591 572 Caeteri
605 522 670 570 effusi
684 536 768 575 nuans,
785 526 812 567 et

138 602 191 649 psrs
209 590 307 635 maxima
324 589 427 643 inennes,
445 590 561 651 periuria
579 595 603 635 et
620 602 687 649 rupes
704 586 810 647 deruptas

137 654 301 715 praecipitantes
315 652 429 717 fugerunt,
446 652 490 714 qud
505 654 567 714 aequi
578 654 649 699 bostis
659 666 705 698 non
715 656 807 713 posset:
856 679 860 682 -

136 718 169 765 ita
184 725 245 765 trans
261 719 405 780 Apenninum
421 720 534 766 abierunt:
553 718 592 779 qui
607 718 684 764 cestris
696 732 720 762 se
730 723 810 763 tenue

137 790 195 837 rant,
213 784 353 829 circumsessi
363 784 485 847 expugnati
496 791 555 830 suat.
590 780 648 829 Inde
657 789 719 829 trans
730 781 809 843 Apen-

136 847 217 901 ninum
228 848 301 894 ductae
314 848 422 911 legiones.
458 847 494 895 Ibi
507 847 597 901 montis,
614 862 681 908 quem
695 853 806 908 ceperant,

136 910 253 959 altitudine
263 913 373 974 paulisper
384 928 408 959 se
418 914 491 967 tutati,
509 928 563 959 mox
573 914 597 957 in
608 911 742 959 deditionem
753 914 809 960 con-

137 984 259 1025 cesserunt.
279 976 340 1025 Tum
351 978 474 1039 conquisito
484 994 535 1024 cum
546 977 666 1024 intentiore
676 973 806 1035 curiarius,

137 1048 161 1089 et
179 1042 254 1089 omnia
273 1042 366 1089 ademta.
401 1042 545 1090 Translatum
561 1042 641 1089 deinde
653 1042 682 1089 ad
698 1042 809 1103 Apuanos

137 1104 236 1169 Ligures
252 1106 349 1165 bellum;
366 1108 442 1169 quiin
457 1124 537 1170 egram
552 1107 659 1154 Pisanum
674 1104 813 1156 Bononien«

135 1186 229 1233 semque
243 1172 274 1217 ita
291 1173 463 1227 incursaverunt,
482 1180 507 1219 ut
524 1173 567 1220 coli
581 1188 626 1218 non
641 1178 726 1233 posset.
759 1170 808 1217 His

135 1251 225 1297 quoque
238 1237 375 1299 perdomitis,
392 1238 471 1284 consul
485 1253 562 1299 paoem
573 1237 633 1284 dedit
641 1236 755 1283 finitimis:
774 1243 806 1290 et,

135 1301 194 1363 qula,
212 1316 226 1349 a
239 1303 297 1349 bello
312 1304 386 1363 quieta
400 1310 425 1350 ut
439 1311 499 1365 esset
512 1303 633 1366 provincia,
650 1300 759 1355 effecerat,
778 1316 808 1348 ne

135 1365 160 1412 in
179 1366 225 1413 otio
244 1368 337 1414 militem
355 1370 452 1423 baberet,
469 1368 529 1415 viam
547 1384 561 1415 a
579 1365 684 1414 Bononii
702 1366 815 1429 perduxit,

135 1430 259 1477 Arretium.
294 1432 331 1478 M.
345 1432 458 1488 AEmilius,
476 1433 532 1479 alter
546 1433 631 1486 consul,
649 1447 718 1493 agros
732 1429 813 1493 Ligu-¹

135 1510 186 1542 rum
196 1496 309 1556 uicosque,
327 1498 365 1557 qui
380 1498 403 1543 in
418 1498 501 1559 campis
511 1505 550 1545 aut
559 1498 652 1545 vallibus
662 1504 733 1550 erant,
750 1496 806 1557 ipsis

134 1567 223 1609 montes
243 1561 299 1607 duos
317 1560 425 1609 Balistam
446 1563 652 1623 Suismontiumque
670 1561 804 1615 tenentibus,

134 1624 219 1671 ddussit
230 1626 418 1688 depopulatusque
428 1636 469 1675 eat.
497 1628 588 1675 Deinde
598 1643 644 1681 eos,
656 1627 694 1688 qui
704 1627 728 1672 in
739 1641 811 1673 mon-

133 1688 193 1736 tibus
203 1698 273 1745 erant,
291 1690 388 1745 adortus,
406 1693 478 1754 primo
492 1693 577 1739 levibus
590 1692 674 1753 proeliis
686 1690 804 1753 fatigarit3

132 1761 247 1815 postremo
264 1763 353 1803 coactos
370 1758 393 1802 in
411 1757 481 1803 aciem
498 1758 631 1806 descendere
642 1758 707 1818 justo
723 1756 804 1817 proelio

134 1818 228 1877 devicit3
244 1818 269 1867 ln
283 1836 328 1880 quo
343 1828 366 1867 et
376 1822 447 1869 aedem
459 1821 543 1870 Dianae
553 1822 623 1868 vovit.
659 1821 760 1868 Subactis
771 1820 810 1870 cis.

132 1883 278 1945 Apenninum
290 1886 399 1938 omnibus,
415 1892 464 1931 tum
476 1892 656 1933 transmontanos
666 1886 756 1931 adortus
769 1887 808 1948 (in

131 1946 167 1995 bis
181 1955 204 1995 et
220 1947 330 1997 Friniates
346 1949 374 1995 Li
392 1965 443 1997 ures
457 1957 527 2002 erant,
545 1964 602 2009 quoa
616 1964 662 1995 nou
677 1950 760 2000 adierat
770 1948 800 2000 C,

132 2010 268 2073 Flaminius)
281 2028 360 2061 omnes
401 2012 474 2060 milius
485 2014 579 2075 subegit,
597 2030 701 2077 armaque
711 2015 801 2068 ademit,

130 2084 155 2126 et
165 2078 193 2125 de
203 2078 315 2124 montibus
325 2079 349 2123 in
361 2093 450 2139 campos
458 2078 621 2125 multitudinem
632 2078 731 2129 deduxit.
756 2078 805 2127 Pa..

131 2142 187 2190 eatis
198 2140 327 2204 Liguribus,
339 2143 362 2188 in
374 2158 453 2205 agrum
465 2143 578 2190 Gallicum
589 2145 711 2191 asscitum
722 2144 803 2202 duxit;

129 2207 234 2269 mamque
244 2209 272 2253 ab
282 2206 404 2260 Placentii,
416 2215 441 2254 ut
451 2206 568 2254 Flaminiae
578 2209 734 2262 committeret,
746 2211 804 2256 Ari,

128 2272 215 2319 minum
226 2272 335 2333 perduxit.
372 2270 456 2319 Proelio
467 2272 553 2325 ultimo,
565 2275 669 2333 quocum
678 2272 802 2336 Liguribus

129 2337 201 2398 signis
212 2337 298 2383 collatis
312 2336 420 2390 conflixit,
439 2338 510 2383 aedem
521 2336 607 2385 Junoni
618 2338 716 2401 Regina
725 2340 797 2389 vonit.

129 2398 191 2448 Haec
201 2401 225 2446 in
236 2400 358 2461 Liguribus
369 2416 395 2448 eo
406 2416 466 2448 anno
477 2410 549 2463 gesta.
787 2420 800 2431 ’

160 2463 210 2511 ΙΙΙ.
229 2463 257 2510 In
269 2464 344 2513 Gallis
355 2465 391 2513 Μ.
403 2465 485 2514 Furius
495 2474 578 2527 praetor
588 2468 712 2515 insontibus
721 2465 803 2519 Ceno,

125 2530 205 2583 manis,
217 2530 241 2575 in
251 2544 305 2591 paee
315 2530 411 2593 speciem
421 2531 472 2577 belli
483 2546 593 2591 quaerens,
606 2532 717 2579 ademerat
725 2546 794 2580 arma.

123 2594 153 2644 Id
168 2590 294 2645 Cenomani
304 2594 420 2658 conquesti
430 2594 514 2644 Romae
524 2596 583 2659 aptul
596 2604 707 2656 senatum
724 2597 797 2658 reiec-¹
