1892 2909
177 115 226 165 828
295 113 325 163 T.
340 109 429 162 L1v11
445 110 499 162 Lm.
514 110 594 164 XLV.
614 104 674 164 Cur.
687 115 727 163 2³.

125 235 129 248 '
177 244 278 294 habitura
289 251 330 298 est,
343 244 464 308 aperituri
476 245 571 293 sumus?
589 243 698 292 Nondum
709 242 858 307 segregeti-

176 309 254 357 vitstis
265 323 355 356 causam
366 325 380 356 s
391 309 513 370 Polyarato
521 319 546 358 et
553 309 652 363 Dinone
664 309 749 356 cinhus
757 310 856 364 nostris,

177 381 201 422 et
210 373 245 426 iis,
258 389 322 434 quos,
334 381 360 420 ut
370 375 507 421 traderemus
518 376 588 428 vohis,
600 375 739 421 adduximus.
764 370 789 420 si
801 390 856 420 om-

177 453 218 485 nes
230 437 314 485 Rhodii
326 453 390 500 seque
401 440 462 485 noxii
472 454 580 493 esserum,
592 439 653 499 quod
663 446 766 484 nostrum
774 439 799 483 in
808 439 855 486 hoc
938 440 939 449 ¹

176 503 236 550 bello
255 505 340 550 crimen
358 504 437 550 esset?
469 502 546 550 Persei
563 504 662 565 partrhus
679 502 793 560 favimus3
820 511 852 557 et,

177 568 365 630 quemadmodum
380 568 488 617 Antiochi
503 567 643 629 Philippique
655 568 714 614 hello
728 583 770 628 pro
785 569 854 615 vobis

177 633 285 682 adversus
296 647 368 695 reges,
385 633 416 679 sic
429 648 490 679 nunc
499 649 540 694 pro
550 649 605 695 rege
615 633 722 679 adversus
732 647 774 677 vos
786 633 854 678 steti-

177 713 237 744 mus.
257 697 451 751 Quemadmodum
460 698 570 744 soleamus
578 698 651 751 socios
655 698 741 759 juvare,
751 704 852 756 etqusra

177 761 273 824 impigre
284 777 398 824 capessere
405 763 469 818 bella,
483 760 511 810 C.
521 761 619 815 Livium,
632 760 661 807 L.
672 761 790 808 AEmilium
799 760 852 808 Re-

9 809 10 812 *
103 867 106 873 .
196 827 201 838 '
220 841 258 872 um
269 826 412 888 interrogate,
428 827 466 887 qui
481 827 587 873 classibus
597 827 678 873 restria
688 827 711 871 in
722 823 779 872 anit
788 841 851 887 prse-

188 897 274 938 ueruut.
301 889 423 952 Nunquam
436 898 518 938 vestrae
529 906 597 936 naves
606 887 737 952 pugnavere
746 890 796 936 sine
806 905 851 937 no-

177 955 223 1002 bis:
244 954 322 1001 nostri
332 956 402 1002 classe
412 956 562 1019 pugnavimus
572 955 642 1001 semel
652 955 680 1001 ad
691 955 791 1007 Samum,
806 955 851 1002 ite·

177 1035 228 1066 rum
241 1019 268 1066 in
285 1017 418 1082 Pamphylii
436 1021 542 1066 adversus
560 1019 710 1066 Hannibalem
727 1020 851 1080 imperato-

177 1099 239 1132 rem:
256 1099 308 1145 quae
318 1085 411 1132 victoria
422 1085 486 1132 nobis
496 1100 524 1130 eo
534 1085 654 1146 gloriosior
661 1087 703 1137 est,
714 1084 782 1144 quod,
794 1099 850 1130 com

177 1150 207 1196 ad
218 1149 310 1198 Samum
321 1165 426 1212 magnam
437 1157 521 1210 partem
532 1149 623 1195 navium
634 1146 727 1195 adversi
735 1147 814 1209 pugni
825 1155 850 1196 et

177 1215 291 1277 egregiam
303 1215 446 1276 juventutem
462 1213 618 1266 amisissemus,
636 1227 666 1258 ne
680 1211 743 1259 tanti
756 1213 849 1272 quidem

177 1279 241 1328 clade
252 1278 329 1333 territi,
345 1279 426 1324 itemm
439 1279 487 1324 anai
497 1293 574 1324 sumus
584 1277 655 1338 regiae
665 1277 730 1324 classi
740 1288 769 1322 ex
781 1276 851 1337 Syrid

177 1343 277 1391 venienti
288 1343 374 1390 obviam
385 1344 424 1389 ire.
449 1341 511 1389 Haec
523 1357 569 1388 non
584 1342 694 1403 gloriandi
704 1339 771 1388 causi
781 1343 850 1389 retuli

178 1409 263 1473 (neque
273 1404 332 1454 euim
347 1423 374 1454 ea
387 1423 448 1454 nunc
460 1414 537 1453 nostra
547 1413 582 1452 est
593 1404 704 1466 fortuna),
720 1407 759 1454 sed
769 1414 797 1452 ut
805 1407 849 1454 ad-

177 1488 301 1526 monerem,
318 1472 508 1533 ·quemadmodum
527 1471 633 1533 adjuvare
653 1471 727 1519 socios
747 1471 849 1536 solvent

177 1537 269 1586 Rhodii.

209 1598 310 1648 XXIII.
330 1607 346 1629 “
353 1597 457 1654 Praemia,
470 1599 574 1661 Philippo
583 1606 607 1646 et
617 1599 732 1647 Antiocho
742 1599 846 1656 devictis,
938 1592 940 1620 l

175 1664 312 1728 amplissima
325 1665 450 1726 accepimus
465 1681 479 1712 a
492 1665 562 1710 vohis.
589 1665 621 1718 si,
637 1680 689 1724 quae
699 1672 773 1712 uestra
783 1680 848 1714 nunc

175 1738 211 1779 est
226 1729 316 1775 fortuna
332 1727 410 1775 Deilm
426 1730 602 1791 benignitatem
616 1730 700 1776 virtute
716 1728 797 1783 vestre,
817 1745 849 1778 es

176 1794 254 1844 Persei
263 1792 349 1846 fuisset,
365 1800 388 1840 et
402 1796 495 1855 praemia
504 1795 598 1855 petitum
608 1795 637 1840 ad
647 1795 755 1840 victorem
765 1809 847 1856 regern

173 1861 313 1910 venissemus
323 1858 347 1903 iu
358 1857 523 1912 Macedoniam,
538 1859 591 1918 quid
600 1858 689 1913 tandem
701 1859 847 1905 diceremus?

173 1921 303 1974 Pecuniime
321 1938 334 1970 a
353 1923 416 1968 nobis
432 1923 539 1984 adjutum,
559 1937 588 1969 au
602 1922 733 1969 frumento?
755 1924 846 1972 auxiliis

96 1993 101 2000 “
172 1989 320 2041 terrestribus,
338 2002 367 2034 an
382 1987 514 2034 navalibus?
533 1987 593 2048 quod
602 1988 730 2048 praesidium
743 1989 847 2036 tenum

111 2073 113 2078 ·
172 2056 232 2104 nos?
248 2054 285 2100 uhi
295 2051 408 2114 pugndsse
418 2060 456 2098 aut
467 2053 508 2098 sub
518 2053 577 2098 iilius
587 2052 686 2104 ducibus,
700 2060 739 2099 sart
747 2067 790 2113 per
799 2067 845 2100 nos

170 2119 251 2184 ipsos?
274 2119 298 2165 Si
309 2124 426 2178 quaereret,
443 2118 480 2163 uhi
490 2117 554 2163 miles
565 2123 648 2169 noster,
660 2117 697 2162 ubi
708 2118 772 2162 navis
781 2118 845 2166 intra

170 2183 274 2250 praesidJ'a
285 2199 325 2230 sua
336 2181 429 2238 fuissei3
447 2182 500 2241 quid
514 2180 713 2242 responderemus?
739 2179 841 2229 Causam

169 2242 843 2308 sortassediceremusapudvictorem,quemadmodumspud

170 2329 213 2362 vos
224 2314 324 2360 dicimus.
347 2311 402 2357 Hoc
413 2311 471 2357 enim
484 2311 570 2372 legatos
581 2319 676 2370 utroque
686 2311 714 2357 de
724 2326 779 2371 pace
786 2313 843 2358 mit-
938 2326 939 2351 r

168 2372 842 2438 tendoconsecutisumus,utneabutri[que]partegratiem
938 2420 939 2423 ,

168 2445 289 2495 iniremus;
307 2441 334 2485 ab
348 2438 418 2486 alteria
427 2439 495 2485 etiam
505 2439 590 2485 crimen
600 2447 624 2485 et
634 2440 757 2499 periculum
768 2449 838 2488 essu.

169 2506 312 2562 Quamquam
325 2501 421 2549 Perseus
435 2517 489 2550 vere
503 2504 614 2564 objiceret,
630 2503 652 2548 id
667 2503 728 2564 qood
737 2519 780 2550 vos
790 2519 841 2552 non

166 2567 267 2632 potestis,
284 2564 363 2612 Patres
373 2567 500 2628 conscripti,
517 2583 559 2614 nos
568 2567 677 2629 principio
687 2567 738 2615 belli
748 2568 841 2616 urisisss

164 2633 193 2685 ad
201 2645 242 2678 ros
251 2629 344 2692 legatos,
357 2631 394 2690 qui
405 2631 563 2692 pollicerentur
573 2634 643 2685 vohis,
655 2632 742 2695 quaead
751 2632 838 2681 bellum
