1892 2909
229 107 361 159 1⁴·less
376 106 429 163 Lu·
443 108 540 159 XLIII.
560 107 619 160 Car.
634 113 673 161 283
737 112 790 159 947·

117 238 224 285 namt
232 238 261 289 ar
272 238 391 300 mptum
402 248 454 287 eum
464 239 526 287 mure
535 240 643 301 paucum
652 238 784 293 anamma

117 301 153 350 cih
159 304 322 353 arcoeaendum·
341 302 370 349 In
378 311 478 365 tempore
486 312 508 351 et
517 304 652 359 Dinarchus,
664 304 783 367 prefectus
853 354 857 371 ,

115 368 216 428 equitum
225 369 300 430 gentis
311 367 447 421 AEtolorum,
459 384 511 415 curn
522 370 632 417 sexcenta
643 370 751 431 peditibus
758 377 782 417 et

115 432 225 493 equitibus
234 441 325 479 centum
336 432 404 479 venit.
434 432 493 479 Satin
508 434 628 487 constabat,
647 448 705 487 eum,
723 443 781 481 tarn-
848 474 856 493 ,,

114 512 181 557 quam
192 497 220 543 od
231 496 314 543 Pemea
321 496 457 549 tendentem,
470 497 570 544 Stratum
578 498 677 544 veniere:
694 505 781 545 mutato
824 496 827 507 '

114 562 195 610 deinde
212 576 264 607 cum
281 559 372 607 fortuni
389 562 471 613 animo,
493 561 603 609 Romania
621 577 652 615 ee,
675 562 781 609 adversam

115 641 172 686 quoa
182 632 279 679 venerat,
287 626 397 686 junxisse.
419 624 470 671 Nee
481 624 590 687 Popillius
598 626 702 680 securior,
714 641 780 687 quam

115 690 207 742 debebat
216 705 273 743 eene,
288 688 404 737 intertum
414 690 504 737 mobilia
513 690 604 753 ingenia
616 698 670 738 erat.
697 688 781 739 claves

114 763 228 816 portarum
243 754 410 814 custodiamque
423 770 538 801 murorum
553 770 600 803 auae
614 755 726 817 extempio
739 771 780 817 po-

114 820 202 867 testatis
211 818 278 866 iecitz
298 817 437 865 Dinarchum
451 819 587 881 AEtoloaque
599 835 650 867 cum
660 821 781 883 juveutute

112 884 248 931 Stratiorum
266 883 290 928 in
308 898 381 943 arcem
399 899 439 945 per
456 885 554 946 praesidii
572 886 668 947 speciem
685 884 777 933 amovit.

113 947 219 1001 Peneus,
230 948 258 995 ab
267 948 432 994 Imminentrhue
442 949 549 1009 superiori
556 950 613 1011 parti
621 950 680 997 urbia
688 950 780 997 tumulis

113 1013 204 1059 tentatie
219 1010 342 1071 colloquiis,
359 1027 410 1058 cum
427 1014 549 1061 obatinatoa
564 1020 630 1075 atque
646 1014 712 1061 etiam
729 1014 779 1061 telin

113 1076 192 1139 proouI
207 1082 308 1123 arcentea
323 1076 414 1130 videret,
433 1078 532 1138 quinque
547 1078 615 1125 milda
629 1092 735 1139 patruum
751 1080 779 1127 ab

112 1142 167 1191 urhe
177 1148 239 1188 trane
250 1139 373 1189 Petitarum
384 1156 473 1189 amnem
483 1142 558 1203 poerit
572 1150 650 1189 cantra
678 1140 712 1189 Ibi
723 1157 782 1191 cona

111 1206 161 1253 cilio
169 1207 283 1259 advocato,
293 1222 345 1252 cum
354 1207 502 1254 Archidamus
510 1206 698 1268 Epirotarumque
706 1213 779 1255 mane

110 1270 173 1333 iugre
183 1271 311 1325 retinerent,
327 1271 480 1318 Macedonum
495 1271 604 1333 principes
619 1286 665 1323 uon
675 1286 778 1334 pugnan-

111 1335 164 1381 dum
176 1351 227 1381 cum
237 1334 319 1381 iniecto
330 1342 430 1397 tempore
440 1337 492 1382 anui
504 1343 626 1389 censerent,
643 1336 709 1383 nullis
719 1352 778 1398 prae-

111 1400 193 1462 paratis
207 1399 380 1457 commeatibus3
398 1401 560 1463 cuminopiam
573 1402 633 1462 prtus
644 1400 777 1458 obsidentem

108 1479 177 1525 quom
188 1463 278 1516 obsessi.
297 1465 383 1510 sensuri
393 1471 476 1519 essent,
493 1465 590 1513 manime
604 1466 664 1527 quod
677 1466 775 1515 hortium

108 1528 169 1575 haud
179 1528 258 1589 procul
268 1527 320 1573 inde
333 1529 424 1575 hiberna
437 1536 516 1588 erant;
533 1531 622 1577 territus
635 1530 659 1577 in
675 1530 777 1592 Aperan-

108 1594 164 1640 tiam
174 1598 247 1641 cantra
256 1593 335 1639 movit.
354 1593 470 1655 Aperantii
480 1610 538 1649 eum,
550 1601 642 1657 propter.
647 1596 777 1645 Archidami

108 1672 215 1720 magnam
229 1657 253 1703 in
267 1654 294 1703 ed
307 1663 376 1719 gente
389 1659 486 1720 gratiam
500 1660 703 1721 auctoritatemque,
721 1676 777 1709 cou-

109 1737 177 1769 uencu
186 1721 285 1768 omnium
293 1729 438 1783 accepenmt:
453 1724 775 1788 isipoecumoctingentorum

106 1787 205 1835 militum
215 1786 319 1848 presidio
328 1787 364 1832 hie
374 1795 410 1833 eat
419 1789 559 1850 praepositus·

141 1849 244 1899 XXIII.
262 1850 323 1905 Rex,
337 1866 389 1898 cum
400 1853 487 1900 minore
497 1854 615 1901 vexatione
620 1855 776 1917 jumentorum

106 1918 275 1977 hominumque,
292 1912 359 1976 quim
373 1925 472 1971 venerut,
489 1918 513 1964 in
529 1918 686 1967 Macedoniam
701 1918 773 1969 recta

107 1982 207 2044 Appium
221 1988 298 2027 tamen
312 1982 340 2027 ab
354 1982 469 2028 obsidione
483 1980 591 2030 Phanotis
604 1982 663 2032 sarna
675 1985 777 2033 ducentia

107 2046 136 2092 ad
146 2046 247 2094 Stratum
259 2044 337 2093 Pemei
350 2047 470 2093 submovit.
500 2045 590 2101 Cleuas,
608 2064 659 2095 cum
673 2048 777 2110 praeaIdio

106 2110 253 2172 impigrorum
265 2113 376 2174 juvenum
391 2112 512 2165 insecutus,
531 2114 572 2159 rub
586 2112 693 2160 radicibus
707 2128 777 2177 prope

105 2175 174 2221 inviis
184 2176 294 2221 montium
305 2176 333 2222 ad
343 2176 405 2223 mille
412 2177 528 2223 hominum
537 2190 566 2223 ex
573 2178 663 2239 agmine
671 2179 776 2241 impedito

106 2239 195 2292 occide
205 2239 233 2286 ad
241 2240 348 2287 docento·
355 2242 421 2303 cepit.
438 2242 534 2303 Appius,
544 2243 651 2304 superatis
659 2244 776 2307 angustiis,

105 2305 130 2351 in
145 2319 231 2365 campo,
247 2320 313 2365 quem
325 2304 421 2353 Elaeona
430 2312 520 2360 vocant,
535 2307 614 2353 etatIva
625 2308 710 2354 dierum
721 2323 777 2370 pau·

106 2384 184 2425 corum
196 2366 277 2415 habuit
311 2368 406 2417 Interim
418 2369 508 2425 Cleuas,
520 2379 619 2418 assumto
630 2370 775 2429 Philostrato,
819 2382 820 2387 ’

106 2435 144 2495 qui
158 2434 303 2496 Epirotarum
319 2442 410 2496 gentem
425 2437 526 2489 habehat,
543 2438 566 2481 in
582 2452 662 2498 agrum
677 2437 777 2501 Antigo-

106 2514 199 2545 nensem
216 2500 359 2546 transcendit.
388 2499 528 2547 Macedones
542 2500 570 2547 ad
584 2501 777 2564 depopulationem

104 2563 213 2626 proiecti;
229 2562 379 2611 Philostratus
389 2579 441 2611 cum
451 2566 545 2612 cohorte
555 2562 595 2613 eui
603 2566 626 2613 in
634 2566 719 2614 inuidIie
726 2567 777 2614 loco

104 2629 201 2677 ohacuro
216 2627 326 2678 coneedit.
353 2628 382 2677 Iu
398 2630 485 2692 palatae
500 2631 642 2693 populatores
657 2646 709 2678 cum
725 2646 776 2678 cru-
