1892 2909
156 163 160 169 .
253 118 386 174 T.L1v11
402 126 454 175 Lm
469 120 540 174 xm.
558 126 671 177 clau.
750 132 795 177 ist

128 268 182 307 aunt
199 254 284 305 Ιὶοπιω
298 256 390 319 cognita
404 255 474 304 literis
490 221 648 319 proconsulum
664 266 747 313 essem,
765 257 795 307 C.

129 318 238 372 Claudius
253 322 340 375 consul,
357 322 448 375 veritus,
466 336 496 369 ue
509 321 568 369 iortc
577 338 604 370 cn
615 338 650 369 res
660 324 797 385 provinciam

128 389 297 448 asscitumque
305 386 344 433 sibi
353 386 465 440 adimeret,
477 401 524 433 non
532 388 592 434 votis
599 390 739 450 nuncupatis,
751 402 797 435 uon

127 454 252 516 pdudatus,
270 452 318 497 siue
327 451 448 505 lictoribus,
466 466 513 498 uno
523 452 623 498 omnum
634 454 728 500 certiore
737 452 798 500 facto

128 515 223 579 collegi,
236 524 303 563 nocte
310 515 431 577 profectus,
440 531 540 578 praeccps
550 518 573 563 in
584 518 720 579 provinciam
728 519 794 565 abiit:

127 584 166 629 nbi
176 581 332 634 inconsultius,
344 595 410 641 quum
421 589 520 634 venerat,
533 596 557 628 se
567 582 651 644 gessit:
665 596 724 635 nam,
736 596 797 637 cum,

128 648 238 695 concione
248 644 363 698 advocati,
379 644 457 707 fugam
468 661 482 691 e
492 648 570 693 castsis
581 646 611 693 A.
625 646 708 693 Manlii
718 646 798 693 adver-

127 713 159 761 sis
174 712 264 763 auribus
279 710 375 756 militum
390 710 483 773 (quippe
497 712 534 771 qui
544 711 610 773 primi
619 712 661 773 ipsi
675 709 798 773 fugissent)

122 775 240 841 lactisset,
257 776 431 837 ingessissetque
449 776 529 837 probra
546 776 584 823 Μ.
601 775 678 831 tusto,
696 776 756 837 quod
773 791 799 823 aa

126 841 244 889 dedecoris
270 840 355 887 socium
377 840 471 901 college
496 839 591 896 lecisset,
622 842 650 888 ad
672 849 797 889 extremum

126 916 249 967 utrumque
257 904 363 953 decedere
370 903 485 966 provincii
490 907 567 968 jussit.
601 903 683 973 [Quod
693 922 744 953 cum
756 907 799 953 mi·

126 970 189 1035 lites]
201 970 300 1017 countlis
313 970 407 1032 impetio
421 969 481 1016 dicto
495 971 609 1018 audientes
621 971 710 1019 futuros
725 969 797 1037 [esse]

127 1034 236 1089 dicerem,
253 1047 305 1081 cum
320 1035 347 1088 is,
364 1048 427 1081 more
436 1036 553 1097 majorum,
570 1036 692 1082 secundum
706 1044 761 1084 vota
773 1038 797 1083 in

128 1097 243 1164 Capitolio
259 1106 393 1161 nuncupata,
411 1114 462 1145 cum
481 1100 602 1154 ictuatus,
619 1101 736 1162 paludatus
745 1116 799 1163 pro·

127 1167 201 1219 iactus
219 1165 247 1211 nb
264 1164 328 1211 Urbe
343 1170 416 1221 esset;
432 1163 509 1211 furens
523 1163 563 1219 iri,
579 1172 692 1218 vocatum,
709 1166 748 1225 qui
758 1181 799 1227 pro

127 1237 243 1295 quastore
262 1228 343 1275 Manlii
360 1236 413 1282 arat,
435 1236 525 1276 catenas
542 1230 651 1293 poposcit,
668 1229 757 1293 doctos
775 1246 800 1277 se

127 1296 225 1346 ,limium
247 1292 404 1355 Manliumque
423 1294 529 1341 minitans
550 1294 648 1341 Romam
669 1296 796 1341 missumm.

128 1362 169 1409 Ab
179 1376 207 1407 eo
218 1374 308 1420 quoque
316 1368 414 1420 spretum
425 1360 523 1405 consulis
532 1359 649 1421 imperium
659 1366 708 1405 est:
722 1365 745 1405 et
756 1359 800 1405 cir·

130 1424 247 1474 cumfusus
267 1424 384 1476 exercitus,
404 1423 483 1471 favens
500 1422 659 1485 imperatorum
678 1438 759 1477 causa,
776 1430 801 1469 ct

126 1490 217 1539 consuli
232 1486 333 1541 infestus,
351 1488 437 1535 animos
452 1488 481 1535 ad
496 1503 542 1535 non
559 1488 680 1549 parendum
697 1486 797 1534 addebat.

130 1554 255 1603 Postremo
260 1552 366 1615 fatigatus
378 1553 457 1600 consul
467 1561 491 1599 et
501 1553 641 1600 contumeliis
652 1552 799 1614 singulorum,

130 1628 154 1669 et
163 1618 312 1666 multitudinis
321 1618 384 1681 (nam
392 1619 483 1679 insuper
490 1614 620 1677 irridebant)
628 1617 732 1671 ludibriis,
743 1632 800 1665 nave

128 1683 217 1737 sideni,
231 1680 275 1745 qui
285 1689 383 1737 vannat,
396 1682 523 1744 Aquileiam
534 1682 605 1729 rediit.
639 1681 695 1729 Inde
705 1682 800 1745 collegae

127 1749 274 1874 tutu
284 1747 800 1868 suu,

274 1828 296 1858 vi
485 1828 492 1858 t
709 1828 725 1859 u
745 1828 773 1859 co

126 1880 233 1934 venirem
251 1876 342 1938 nequid
353 1890 377 1923 se
387 1876 470 1923 Romae
480 1883 574 1932 teneret,
590 1828 635 1939 guo
645 1878 727 1930 minua,
741 1876 800 1923 votis

130 1942 273 2004 nuncupatis,
285 1941 401 2003 paludatus
411 1943 439 1989 ab
452 1941 514 1989 Urbe
523 1944 602 1989 exiret.
635 1942 696 1989 Hac
706 1941 801 2002 collega

128 2010 279 2069 obsequenter
293 2004 359 2059 iacta,
379 2007 497 2068 brevisque
512 2006 559 2054 dics
577 2007 605 2054 ad
624 2005 801 2053 conveniendum
861 2001 866 2019 ⁸

128 2073 205 2120 edicta
212 2078 255 2119 eat.
274 2068 382 2121 Claudius
392 2086 461 2133 prope
471 2078 606 2119 consecutio
616 2078 651 2117 est
657 2070 732 2116 literas
741 2082 799 2117 suas.

126 2134 253 2187 concione
267 2136 386 2183 adveniens
398 2136 426 2183 de
440 2136 529 2183 Manlio
543 2145 567 2183 ct
576 2135 647 2185 Junio
656 2131 737 2189 habiti,
755 2148 801 2181 non

92 2226 100 2233 ’
133 2202 194 2249 ultra
203 2200 301 2247 triduum
313 2208 411 2247 moratus
422 2200 513 2256 Romae,
529 2201 654 2264 paludatus,
671 2214 722 2247 cum
735 2199 802 2246 icto-

133 2266 200 2320 ribus,
208 2266 312 2327 votisque
322 2266 346 2311 in
355 2264 466 2331 Capitolio
474 2266 614 2328 nunnspatis,
625 2266 649 2311 in
656 2264 801 2329 provinciam,

135 2344 200 2393 seque
211 2344 237 2379 ac
247 2331 308 2391 prius
318 2330 426 2393 precipiti
437 2332 556 2386 celeritate,
568 2332 620 2379 abit.

168 2394 215 2441 xL
235 2394 317 2442 Paucis
335 2402 388 2442 ante
405 2396 482 2443 diebus
500 2395 583 2444 Junius
598 2394 745 2457 Manliusque
762 2408 803 2457 op·

122 2454 211 2524 pidum
226 2458 363 2513 Nesattium,
381 2476 425 2521 quo
441 2474 465 2507 se
479 2462 590 2523 plincipes
604 2459 715 2507 Istrorum
730 2466 754 2506 et
767 2472 804 2504 re-

175 2540 202 2571 us
212 2525 260 2586 ipse
271 2522 357 2587 AEpulo
368 2532 487 2586 receperat,
505 2522 593 2572 summai
602 2526 626 2571 vi
637 2520 801 2587 oppugnirunt·

124 2610 127 2619 ¹
159 2606 173 2637 o
185 2588 294 2637 Claudius
305 2590 388 2636 duabus
399 2590 524 2651 legionibus
534 2590 600 2637 novis
610 2589 718 2641 adductis,
730 2592 805 2633 vetere

121 2655 236 2701 *aercitu
249 2658 302 2701 cum
313 2655 360 2701 suis
370 2654 462 2700 ducibus
473 2654 572 2709 diuino,
588 2654 638 2715 ipsc
647 2652 752 2716 oppidani
763 2647 807 2693 cit·
