1892 2909
254 74 285 123 T.
296 75 388 125 alvu
404 76 457 126 Las·
470 78 555 129 XLII.
575 80 636 132 Car.
649 86 688 132 49.
760 86 805 131 201

133 204 195 252 tibus
204 198 308 267 quatuor,
324 215 406 271 praeter
417 223 480 255 oram
493 206 565 257 Italiae
580 211 724 273 sa'qservsctus
739 210 806 262 cala-

128 268 188 315 briae
202 277 328 318 extrenum
344 274 523 335 promontorium
540 274 564 320 in
579 274 645 323 Ionio
658 278 721 331 marl,
739 276 806 342 Dyr-

134 334 251 381 rhachium
262 336 349 399 trajicit.
384 336 419 384 Ibi
433 337 510 385 docem
521 340 620 403 ipsorum
634 340 806 403 Dyrrhachino-

133 412 192 452 rum,
202 400 318 448 duodecim
329 400 457 456 lamorurn,
467 403 628 467 quinquaginta
636 414 732 465 quatuor
741 408 805 454 Ges-

132 464 159 509 tii
174 464 236 526 regis
249 464 335 514 lembos
348 476 434 520 nactus,
452 468 559 515 simulans
574 484 599 517 se
614 470 710 524 credere,
727 486 767 517 eos
780 472 804 517 in

132 542 200 574 usum
209 528 365 577 Romanorum
373 540 512 594 comparatos
519 548 577 589 esse,
587 535 689 581 omnibus
697 535 805 589 abductis,

131 590 170 639 die
183 594 251 641 tertio
266 594 396 657 Corcyram,
414 597 466 644 inde
481 599 584 660 protinus
599 600 622 645 in
638 597 807 661 Cephalleniam,

132 657 221 718 trajicit.
257 658 286 707 C.
297 658 417 709 Lucretius
432 672 516 724 praetor
530 665 557 711 ab
574 664 669 727 Neapoli
684 664 804 728 profectus,

131 730 237 783 superato
246 721 311 777 freto,
324 726 360 773 die
369 726 447 787 quinto
457 728 481 773 in
494 726 660 791 Cephalleniam
671 728 801 777 transmisit.

132 784 167 831 Ibi
179 788 242 833 stetit
252 789 335 845 classis,
353 791 420 837 simul
430 794 553 854 opperiens,
571 802 597 841 ut
607 802 723 841 terrestres
734 794 805 856 copim

131 852 292 913 trajicerentur,
310 856 383 909 simul,
401 864 427 903 ut
437 858 552 913 onerariae,
570 874 600 906 ex
612 860 703 922 agmine
713 874 754 907 suo
765 874 805 923 per

131 915 202 963 altum
214 918 333 980 dissipatae,
346 929 544 981 consequerentur.

132 994 137 1019 ε
164 979 262 1028 XLIX.
276 981 322 1031 Per
332 986 374 1032 bos
383 984 443 1032 forte
453 986 500 1032 dies
511 985 539 1033 P.
552 985 653 1035 Licinius
664 989 750 1043 consul,
761 1005 805 1037 ro·

129 1044 160 1091 tis
175 1046 198 1091 in
215 1046 328 1110 Capitolio
343 1051 483 1111 nuncupatis,
501 1052 618 1113 paludatus
634 1053 661 1099 ab
675 1052 737 1099 Urbe
750 1069 803 1114 pru·

127 1117 204 1171 factus
214 1120 257 1158 est.
292 1115 387 1177 Semper
401 1114 489 1175 quidem
504 1131 531 1163 ea
546 1131 581 1163 res
596 1130 648 1162 cum
661 1116 744 1177 magni
754 1118 804 1179 dig-

129 1188 163 1248 pit
171 1185 208 1223 ate
217 1190 244 1224 ac
254 1183 371 1245 majestate
379 1181 478 1242 geritur:
491 1181 603 1243 precipue
612 1188 687 1227 tauma
696 1182 807 1229 convertit

129 1242 212 1299 oculos
226 1243 364 1308 animosque,
381 1260 440 1299 cum,
452 1244 481 1291 ad
496 1258 603 1307 magnum
615 1246 754 1306 nobilemque
767 1243 806 1293 aut

128 1312 217 1363 virtute
226 1315 266 1355 aut
278 1308 369 1357 fortuni
384 1310 479 1363 bostem,
497 1317 587 1357 euntem
601 1310 716 1356 consrslem
727 1326 805 1373 prose-

128 1380 271 1487 qlllh‘iu
277 1374 397 1487 ⁰⁰⁰¹”l
407 1373 466 1493 iiim
476 1374 753 1486 llultlhlttli
764 1376 806 1485 :i

127 1462 142 1495 e
271 1456 310 1487 um
396 1456 408 1486 c
459 1455 474 1485 u
748 1471 754 1493 ,

122 1511 168 1573 1¹¹⁸
181 1503 275 1565 imperio
289 1456 426 1566 codiih'coque
437 1518 548 1551 summam
563 1518 610 1551 rem
619 1504 728 1565 publicam
739 1511 806 1550 tuen-

129 1564 185 1612 dam
193 1570 349 1629 penniserunt.
368 1569 433 1617 Subit
443 1568 522 1615 deinde
533 1569 639 1631 cogitatio
649 1569 756 1624 anianum,
766 1568 805 1629 qui

127 1630 181 1678 belli
195 1648 269 1689 casua
287 1650 354 1695 quam
365 1635 464 1681 incertus
474 1632 572 1680 fortunae
584 1641 684 1688 eventus,
702 1649 805 1681 commu·

128 1696 210 1757 niaque
225 1698 291 1746 Mars
301 1699 352 1746 belli
363 1699 406 1745 sit:
425 1698 525 1751 adamus,
544 1698 647 1753 secunda,
664 1714 759 1759 quaeque
769 1699 805 1745 in-

129 1760 193 1808 scitid
210 1771 235 1810 et
253 1765 379 1811 temeritate
397 1763 481 1809 ducum
500 1762 574 1809 clades
593 1778 653 1825 saepe
668 1764 803 1821 acciderint3

129 1835 267 1885 mesonca
274 1830 333 1875 bona
340 1827 458 1889 prudentia
464 1835 489 1873 et
497 1828 568 1874 virtus
575 1828 681 1875 attuledt.
702 1837 717 1859 ‘⁴
727 1828 804 1882 Quem

128 1890 339 1948 sciremortatium,
357 1893 429 1939 utrius
445 1892 534 1945 mentis,
551 1892 622 1939 utrius
636 1893 735 1939 fortunas
749 1906 805 1939 con·

127 1956 201 2003 sulem
216 1958 244 2005 ad
255 1959 338 2005 bellum
349 1956 457 2003 mittant?
473 1957 677 2017 triumphantemne
687 1970 741 2003 mox
752 1971 804 2001 cum

127 2024 228 2069 citercitu
244 2024 332 2070 victore
349 2022 493 2069 madentem
512 2019 649 2083 Capitolium
667 2022 696 2067 ad
713 2020 804 2067 eosdem

129 2083 203 2139 Deos,
215 2088 319 2148 aquibus
330 2086 489 2151 proficiscatur,
502 2086 587 2142 visuri;
604 2100 633 2133 an
644 2086 744 2133 hostibus
754 2098 804 2132 esur

127 2150 357 2211 craticularium
368 2149 447 2199 sint?’'
465 2151 529 2198 Persi
540 2158 615 2197 autem
624 2151 680 2213 regi,
697 2150 805 2197 adversus

128 2228 197 2275 quern
207 2217 286 2271 hatur,
302 2216 385 2265 famam
396 2223 420 2263 et
429 2216 488 2262 bello
499 2214 558 2262 clara
569 2214 722 2262 Macedonum
737 2229 803 2277 gens,

128 2285 152 2326 et
168 2280 286 2343 Philippus
302 2289 372 2344 pater,
390 2282 450 2327 inter
466 2280 537 2327 multa
551 2295 656 2342 prospere
673 2286 739 2343 gesta
753 2280 804 2326 Ro·

127 2360 196 2393 mano
214 2347 282 2393 etiam
297 2347 426 2393 nobilitatus
441 2345 508 2399 bello,
526 2346 652 2406 praebebat;
669 2352 718 2391 tum
735 2344 806 2406 ipsius

126 2408 208 2459 Persei
218 2425 342 2473 nunquam,
359 2426 389 2457 ex
398 2426 445 2471 quo
456 2422 551 2471 regnum
563 2410 692 2473 accepisset,
709 2408 806 2457 desitum

127 2473 179 2524 betti
194 2477 362 2540 exspectatione
374 2475 480 2523 celebrari
491 2488 582 2521 nomen.
614 2472 675 2523 Cum
691 2474 726 2521 his
741 2474 806 2535 cogi·

129 2541 250 2591 aeonibus
268 2541 368 2589 otnnium
387 2541 491 2587 ordinum
507 2540 610 2587 homines
626 2538 805 2602 proficiscentem

126 2608 243 2660 emmam
254 2606 369 2672 promti
380 2612 441 2654 suat
459 2602 517 2653 Duo
528 2603 660 2657 consulares
671 2603 753 2653 tribuni
764 2602 807 2649 mi
