1892 2909
141 114 173 157 86
272 108 301 155 T.
316 104 405 154 LIVII
421 106 474 154 Lrs.
491 105 545 153 XL.
565 104 625 155 crr.
639 108 679 154 st.

142 250 235 299 usquam
243 237 320 284 hostes
330 237 438 289 venirent,
451 236 490 296 qui
495 235 547 297 jsm'
555 235 646 297 segnius
655 234 818 295 socordiusque

141 302 306 365 oppugnabant,
324 302 352 347 ad
367 308 462 361 quatuor
476 307 553 361 portes
565 300 688 347 exercitum
698 301 815 354 instruxit,

141 374 175 421 ut,
188 368 254 427 signo
264 367 324 419 doto,
338 366 404 412 simul
414 380 443 412 ex
453 364 557 411 omnibus
566 365 664 425 portibus
674 366 819 426 emptionem

141 432 247 478 fecerent,
288 430 392 485 Quetuor
410 429 590 476 extraordinariis
609 430 738 475 cohortibus
758 429 818 477 dues

142 496 249 559 adjunxit,
262 496 382 557 praeposito
393 494 430 541 Μ.
439 494 533 540 Valerio
542 494 637 555 legato:-
646 508 763 555 emmpeoe
772 508 817 540 ex-

141 558 286 608 traordinarii
300 558 365 621 porti
376 558 452 621 jussit.
487 558 527 604 Ad
540 558 654 605 dexoerm
670 558 816 619 principolun

143 627 242 671 hastatos
252 624 348 685 legionis
358 624 437 685 primae
447 624 567 680 instruxit3
581 623 692 685 principes
699 618 817 671 exeddem

142 690 232 751 legione
242 690 266 734 in
277 688 379 734 subsidiis
389 688 478 749 posuit:
497 686 534 733 M.
545 687 655 733 Servilius
665 695 689 733 et
699 686 728 732 1.
739 687 820 748 Sulpi-

144 756 198 807 cius,
211 752 292 799 tribuni
303 752 407 801 militum.
419 752 453 799 his
463 752 585 813 prepositi.
617 750 696 799 Tertio
704 752 765 813 legio
776 752 819 798 ed-

143 833 222 865 versus
232 816 375 879 principalem
387 816 499 862 sinistram
508 822 598 876 portem
607 815 718 863 instructo
726 823 774 863 est:
791 817 819 865 id

144 890 231 929 tentum
242 888 369 937 mutatum
384 880 495 943 principes
505 880 577 941 primi,
593 887 618 927 et
631 882 713 927 hastati
726 882 750 927 in
763 882 818 927 suh·

144 947 206 993 sidiis
215 945 293 991 loceth
313 946 365 992 Sex·
375 944 451 993 Julius
462 943 542 992 Caessr
551 951 575 990 et
583 942 612 990 L.
622 944 728 992 Aurelius
737 943 817 1000 Cotto,

145 1010 226 1057 tribuni
237 1009 341 1062 militum,
352 1010 404 1055 huie
413 1009 499 1071 legioni
508 1010 622 1071 praepositi
630 1016 690 1056 sunt.
717 1009 751 1063 Q,
759 1008 819 1057 Ful·

145 1075 196 1122 vius
211 1073 306 1121 Flaccus
320 1074 409 1135 legatus
424 1089 476 1119 curn
488 1072 581 1121 dexteri
590 1072 626 1120 nli
636 1074 664 1120 sd
673 1075 818 1134 mestorium

145 1146 232 1203 portem
248 1138 347 1199 positus:
369 1138 420 1185 duae
436 1140 539 1185 cohortes
555 1146 580 1185 et
592 1139 662 1185 triarii
675 1139 769 1185 ducrum
783 1139 820 1185 lo·

146 1205 239 1267 gionum
250 1204 274 1247 in
284 1202 388 1264 praesidio
398 1209 522 1249 castrorum
533 1218 623 1250 manue
629 1205 696 1266 jusd-
728 1202 820 1251 Omnes

146 1276 221 1331 portes
238 1266 431 1315 concionabundus
444 1268 494 1328 ipse
507 1267 627 1329 imperator
640 1268 765 1324 circumiit3
784 1275 816 1323 et,

146 1334 321 1393 quibuscumque
331 1332 474 1378 irritamentis
485 1339 580 1393 poteret,
591 1334 637 1379 ins
646 1331 742 1378 militurn
750 1346 818 1380 serre-

145 1400 195 1455 bst3
211 1412 271 1443 nunc
278 1396 377 1443 lrsudem
386 1396 485 1443 hostiurn
495 1397 607 1451 incussus,
618 1397 665 1457 qui,
676 1410 731 1459 prce
738 1394 816 1458 petiti,

130 1462 241 1509 'induciis
252 1462 315 1514 datis,
331 1476 370 1522 per
384 1461 457 1522 ipsum
472 1461 611 1509 induciarum
624 1469 720 1523 tempus,
737 1469 819 1509 centn

141 1529 181 1589 jus
192 1526 293 1588 gentium
306 1525 334 1572 sd
348 1532 420 1571 cestre
435 1527 585 1588 oppugnando
597 1527 724 1573 venissent:
745 1540 815 1581 nune,

147 1598 243 1652 quantus
251 1590 322 1652 pudor
329 1596 395 1645 esset,
405 1590 508 1643 edocens,
517 1591 545 1637 sb
553 1589 682 1652 Liguribus,
693 1590 818 1638 latronibus

146 1655 222 1702 verius
232 1670 299 1715 quern
310 1654 409 1701 hostibus
415 1655 492 1716 justis,
504 1654 635 1701 Romanum
644 1655 767 1702 exercitum
775 1656 818 1703 ob-

146 1718 220 1766 sideri.
256 1726 272 1748 “
282 1718 335 1771 Quo
345 1734 385 1764 ore
395 1718 512 1779 quisquam
522 1720 630 1774 vestrdm,
645 1721 665 1766 si
679 1721 732 1767 binc
743 1720 819 1768 slierrc

146 1782 257 1845 praesidim
269 1796 315 1828 non
326 1781 401 1829 vestri
410 1784 501 1837 virtute,
512 1785 634 1839 evaseritis,
646 1791 755 1839 occurret,
769 1800 818 1833 nors

147 1848 197 1894 dico
213 1847 245 1893 eis
261 1847 374 1901 militibus,
391 1848 429 1907 qui
447 1847 604 1903 Hannibolem,
624 1849 662 1911 qui
680 1849 817 1911 Philippum,

147 1912 185 1974 qui
196 1911 342 1966 Antiochum,
358 1912 468 1959 maximos
482 1921 568 1960 nostrie
579 1915 652 1961 aetstis
662 1930 729 1976 reges
738 1916 820 1963 duces-

147 1993 197 2039 que,
214 1977 329 2034 vicerunt3
347 1976 387 2023 sed
396 1977 431 2031 iis,
446 1979 486 2038 qui
498 1979 541 2024 bos
551 1979 613 2041 ipsos
623 1978 722 2041 Ligures
731 1980 819 2041 sliquo-

147 2044 196 2096 ties,
212 2056 318 2103 pecorum
333 2042 400 2088 modo
414 2041 535 2105 fugientes,
549 2059 589 2105 per
599 2044 671 2091 soltus
679 2045 754 2091 invios
763 2058 819 2091 con-

148 2107 226 2165 sectati
237 2106 379 2153 ceciderunt?
408 2106 478 2161 Quod
488 2107 593 2169 Hisponi,
607 2108 667 2170 quod
678 2109 747 2163 Gelli,
758 2111 820 2171 quod

148 2172 294 2226 Macedones,
313 2170 463 2219 l’oenivenon
478 2172 582 2227 audeant,
600 2172 734 2237 Ligustinus
746 2174 820 2222 hostis

147 2236 231 2283 vellum
242 2235 373 2283 Romanum
385 2236 450 2290 subit,
467 2237 553 2285 obsidet
568 2240 635 2293 ultro,
650 2247 674 2285 et
688 2240 818 2301 oppugnet!

147 2314 222 2361 quem,
239 2306 363 2347 scrutantes
377 2308 443 2348 entes
457 2302 536 2349 devios
550 2304 626 2358 saltus,
642 2304 740 2351 abditum
751 2312 775 2351 et
785 2306 820 2352 ln·
845 2350 847 2356 .

147 2371 234 2411 tentem
245 2365 283 2409 vix
293 2365 486 2413 inveniebemus.”
512 2367 551 2413 Ad
561 2369 610 2415 brec
617 2370 761 2416 consentiens
768 2371 820 2416 red»

149 2428 241 2475 debetur
259 2429 355 2475 militum
374 2431 465 2485 clamor,
488 2439 504 2461 ‘⁴
514 2433 598 2479 nullsm
614 2434 711 2481 militrnrr
730 2434 819 2497 culpssrr

148 2508 205 2545 esse,
221 2493 300 2553 quibus
314 2508 381 2540 nemo
397 2496 425 2541 nd
439 2498 600 2558 erumpendum
611 2498 702 2562 signum
713 2498 818 2547 dedisset.

148 2556 223 2604 Dsret
234 2556 335 2617 signum:
352 2559 524 2614 intellectuum,
537 2563 635 2620 eosdm,
646 2565 687 2626 qui
695 2571 762 2613 sotor
768 2559 820 2614 tub·

147 2618 201 2678 rint,
213 2628 236 2670 et
246 2620 364 2671 Romarm
374 2630 398 2674 et
408 2622 507 2688 Ligures
516 2626 594 2676 esse.''
