1892 2909
25 185 28 246 l

225 103 255 155 T·
267 100 358 151 mvn
373 101 426 150 Lm·
438 100 567 152 mx
586 103 648 155 Cur.
661 110 701 154 io.
770 108 801 159 1¹1

123 234 185 297 erat)
200 232 458 288 alsrmmbusmanus,
475 243 574 283 mentem
585 237 723 285 airaudibus
733 239 804 286 absti-

24 290 25 360 ζ
124 303 233 349 :nissam
276 300 403 361 Nunquam
427 307 517 347 nomm
538 301 622 349 murm
644 304 668 349 in
690 302 803 365 manea

121 368 172 421 fuit,
185 380 228 415 net
239 367 269 413 ad
279 366 363 427 plures,
375 380 418 413 nse
429 366 457 412 ad
466 366 531 427 plura
537 368 659 429 pertinens.
685 369 803 430 Qnidmtid

86 440 90 455 l
121 434 160 483 liis,
170 434 239 481 annis
253 431 353 486 libidine,
371 431 477 493 quidquid
489 431 576 488 fraude,
588 424 702 496 quidquid
717 436 803 483 rceleoe

118 506 240 563 meatum
251 503 295 551 est,
311 510 342 543 ex
350 496 390 545 illo
400 512 446 543 uno
458 500 554 545 sacratio
564 500 647 546 scitote
655 507 732 545 ortum
741 516 800 548 esso

118 564 230 621 Noedum
241 562 326 616 omnia,
339 562 364 607 in
374 568 426 623 quar
436 564 617 626 conjuraverunt,
633 564 693 612 edita
702 563 802 614 facinora

118 630 219 677 babent:
239 629 314 676 adbuc
324 628 417 690 privatis
431 630 512 683 nunriis,
523 630 581 691 'quia
591 631 692 677 nondum
703 631 732 677 ad
742 646 803 677 rem-

116 694 233 759 publicam
253 694 422 757 opprimendam
442 696 496 741 satis
513 696 595 742 virium
613 704 656 751 est,
676 697 805 760 conjuratio

117 776 168 809 sese
179 761 252 822 impia
262 766 332 807 tenet
368 757 458 807 Crescit
471 767 496 807 et
509 762 578 823 serpit
591 762 690 822 quotidie
699 762 799 809 malum:

113 830 164 891 jam
184 822 262 888 majus
282 831 323 879 est,
343 840 410 885 quam
429 832 455 871 ut
473 840 553 888 capere
569 827 594 873 id
609 828 696 889 privata
710 827 802 875 torturus

116 892 203 955 possit:
213 892 253 946 lad
264 897 375 943 summam
386 892 544 954 rempublicam
555 900 648 955 spectat.
678 893 731 939 Nisi
741 908 802 955 pm·

117 958 215 1011 cavetis,
234 956 344 1011 Quirites,
355 956 404 1018 jam
419 957 471 1003 huic
486 957 580 1011 diurnae,
596 958 697 1020 legitime
707 959 735 1005 ab
745 972 803 1005 con-

119 1024 169 1071 sule
179 1028 279 1076 voeatae,
292 1036 333 1083 par
343 1026 453 1069 nostuma
463 1024 543 1070 concio
553 1037 604 1069 esse
613 1025 703 1085 poterit.
730 1023 801 1071 Nune

117 1088 150 1135 illi
163 1104 209 1135 vos
225 1087 310 1149 singuli
324 1087 441 1134 universos
456 1089 616 1135 concionantes
629 1090 723 1136 timent:
741 1090 799 1151 jam,

117 1154 156 1201 ubi
166 1168 213 1201 vos
224 1152 304 1213 dilapsi
315 1152 394 1199 domos
405 1153 462 1199 etin
472 1169 525 1200 rura
537 1162 614 1201 vestra
627 1155 696 1208 eritis,
713 1154 746 1200 illi
761 1162 802 1200 co-

115 1220 195 1274 ierint,
209 1216 370 1287 consultabunt
380 1217 408 1264 de
419 1216 460 1265 sui
471 1219 542 1265 salute
550 1220 617 1266 simul
627 1234 653 1267 ac
662 1217 739 1266 vestri
748 1234 801 1281 per·

116 1285 194 1344 nicio:
224 1290 275 1329 tum
297 1283 392 1344 singulis
412 1284 477 1330 vobis
495 1285 593 1331 universi
612 1285 705 1331 timendi
723 1290 797 1331 erunt.

117 1350 210 1413 Optare
220 1346 300 1411 'igitur
317 1348 469 1409 unusquisque
487 1350 588 1396 vestrim
607 1350 679 1403 debet,
699 1357 725 1396 ut
740 1350 801 1395 bona

116 1430 186 1463 mens
199 1413 247 1461 suis
259 1413 362 1459 omnibus
371 1414 446 1459 suerit.
483 1415 507 1460 si
522 1430 588 1474 quem
602 1414 677 1468 lubido,
695 1415 714 1460 si
727 1413 798 1466 furor,

117 1481 221 1534 inillum
233 1478 349 1541 gurgitem
359 1478 460 1540 abripuit,
475 1480 565 1525 illorum
576 1495 635 1532 eum,
651 1495 703 1525 cum
718 1480 800 1539 quibus

118 1548 143 1593 in
160 1560 233 1593 omne
248 1542 360 1605 flagitium
376 1551 399 1589 et
414 1540 502 1590 facinus
517 1544 649 1607 conjuravit,
670 1560 717 1590 nou
733 1550 799 1589 suum

114 1612 207 1677 judicet
221 1624 279 1655 esse.
314 1608 353 1655 Ne
367 1610 417 1670 quis
431 1609 499 1656 etiam
513 1625 590 1656 errore
601 1611 687 1656 labatur
698 1609 799 1656 vestrim

118 1690 221 1739 quoque,
236 1690 283 1721 non
290 1688 344 1721 aum
356 1682 459 1721 securus:
480 1675 535 1721 nihil
545 1676 605 1722 enim
615 1676 640 1724 in
651 1675 747 1738 speciem
755 1674 800 1720 'fal-

118 1743 192 1797 lacius
203 1747 246 1794 est,
263 1755 329 1801 quam
340 1755 409 1803 prava
418 1740 504 1802 religio.
541 1739 589 1787 Ubi
599 1739 704 1787 Deorum
716 1751 800 1787 numm

118 1800 270 1871 praetendiiur
281 1800 407 1858 sceleribus,
424 1806 483 1851 subit
495 1807 595 1852 animum
609 1806 683 1858 timor,
700 1822 729 1851 ne
738 1804 800 1851 irau-

120 1874 187 1921 dibus
199 1871 303 1917 humanis
313 1870 451 1917 vindicandis
462 1870 532 1917 divini
543 1872 601 1932 juris
615 1871 699 1931 aliquid
708 1871 801 1915 immix-

120 1948 171 1985 tum
186 1936 305 1985 violemus.
342 1934 395 1982 Hac
408 1950 451 1981 vos
462 1936 572 1997 religione
581 1935 750 1982 innumerabilia
761 1934 816 1981 de··

119 2011 184 2052 creta
194 2000 333 2065 pontificum,
347 2000 559 2055 senatduconsultn,
571 2002 697 2063 aruspicum
705 1999 801 2059 denique

120 2082 238 2131 responsa,
253 2067 355 2113 liberant
391 2066 488 2120 Quoties
500 2067 543 2112 boc
558 2074 646 2127 potrum
660 2079 802 2125 avorumque

122 2142 191 2183 atate
202 2132 320 2194 negotium
331 2138 365 2178 est
375 2132 541 2194 magistratibus
552 2133 637 2184 datum,
650 2137 676 2176 ut
687 2145 749 2177 sacra
759 2144 800 2177 ex-

122 2208 189 2247 terna
197 2198 246 2245 lieri
257 2203 372 2253 vetarent3
389 2197 525 2243 sacrificulos
535 2205 643 2257 vatesque
655 2195 712 2250 foro,
730 2195 798 2250 circo,

124 2265 190 2313 Urbe
197 2263 353 2326 prohiberent;
367 2262 477 2309 vaticinos
483 2263 551 2309 libros
560 2262 724 2322 conquirerent,
736 2276 800 2307 com·

122 2333 286 2390 burereutque3
300 2342 390 2375 omnem
401 2328 539 2390 disciplinam
551 2326 695 2381 sacrificandi,
706 2333 802 2389 praeter*

122 2411 191 2459 quam
206 2410 274 2441 more
292 2394 405 2447 Romano,
425 2394 557 2441 abolerent?
587 2392 721 2441 Judicabant
739 2392 800 2437 enim

122 2460 290 2526 prudentissimi
317 2460 343 2505 'ri
354 2460 428 2505 omnis
439 2459 508 2505 divini
518 2449 659 2518 humanique'
664 2458 729 2519 juris,
746 2456 801 2502 nihil

124 2542 192 2589 aeque
201 2474 352 2572 ‹lissolvessae
365 2524 480 2585 religionis
495 2540 552 2577 csse,
568 2537 636 2583 quam
649 2522 686 2567 ubi
701 2534 748 2565 uon
762 2534 803 2579 pa·

123 2594 176 2647 trio,
201 2592 240 2639 sed
259 2596 360 2643 externo,
384 2590 428 2634 ritu
451 2588 618 2634 sacrificaretur.
658 2581 720 2629 Haec
738 2580 803 2651 vobis

124 2656 268 2724 prmicenda
279 2662 410 2709 ratmanno,
422 2668 452 2700 ne
463 2668 507 2716 qua
517 2649 645 2761 sppgrstitio
652 2649 748 2709 agitaret
756 2652 805 2686 onr-
