1892 2909
252 91 452 156 sssnrvn‘nm
467 92 553 156 xcvj
568 91 677 158 oms*
739 109 791 156 ooo

123 233 200 288 nrisso,
218 235 326 284 “Utrum
338 253 386 293 nos,
404 239 503 300 hospites
514 239 676 291 Samothraces,
688 252 741 284 vere
752 239 798 283 κέ

125 299 229 368 cepimus,
247 317 275 348 an
292 302 355 355 falso,
370 319 458 358 ,sacram
474 305 532 350 hauc
547 303 649 358 insulam,
667 310 690 349 et
700 301 790 364 augurii

125 371 197 412 totam
207 372 272 427 atque
282 367 381 414 inviolati
396 369 436 414 soli
451 383 500 414 esse
505 367 534 412 ?”
553 364 613 415 Cum
623 367 713 413 creditae
724 378 788 413 sanc·

125 427 182 474 tttati
201 432 358 477 assentirentur
377 447 462 486 omnes,
489 440 505 462 ‘⁴
523 431 572 480 Cur
590 431 684 493 igitur,”
708 431 788 491 inquit,

126 499 143 522 ⁴‘
153 490 281 559 [pollutam]
298 497 408 544 homicida
422 497 532 560 sanguine
546 496 605 558 regis
619 495 730 543 Eumenis
740 496 798 541 vio:

124 557 195 604 levit?
211 566 240 614 et,
258 575 309 606 cum
320 562 393 607 omnis
408 562 508 623 praeiatio
524 568 636 607 sacrorum
647 575 694 614 eos,
711 559 790 620 qrnbus

126 635 172 667 non
189 625 232 670 sint
247 640 310 686 purae
327 641 414 681 manus,
433 627 501 672 sacris
516 633 597 679 arceat,
614 641 656 671 vos
671 623 797 687 penetralia·

124 694 198 734 vestra
212 690 356 738 contaminari
368 698 460 736 cruento
469 691 563 737 latronis
574 704 666 751 corpore
680 687 792 735 sinetis?”

126 749 213 799 Nobilis
223 752 282 800 fama
293 762 346 808 erat,
359 755 417 816 apud
427 755 506 802 omnes
514 755 612 802 Graeciae
620 755 728 806 civitates,
741 751 792 799 Eu-

124 817 196 862 menis
207 819 265 880 regis
280 835 319 880 per
334 819 466 866 Euandrum
477 819 574 882 Delphis
585 833 653 881 prope
667 821 793 880 peipetrata

125 878 204 926 caedes.
240 880 325 942 Itaque,
342 883 490 945 praeterquam
504 885 564 945 quod
576 884 602 928 iu
617 881 793 944 potestateRo-

124 959 241 992 manorum
256 962 305 994 sese
318 947 458 1008 insulamque
472 956 542 995 totam
557 955 581 994 et
596 948 703 1009 templum
714 960 793 993 cerne-

125 1008 179 1053 bant
189 1011 250 1064 esse,¹
257 1009 285 1056 ire
295 1011 506 1072 immerito-quidem
517 1027 544 1060 ea
554 1013 594 1059 sibi
603 1012 729 1074 exprobrari
741 1011 789 1064 rati,

125 1069 264 1127 Theondcm,
283 1077 320 1136 qui
337 1071 437 1122 suminus
452 1077 596 1139 magistratus
611 1075 669 1138 apud
683 1091 723 1121 eos
736 1081 790 1129 erat,

126 1135 213 1200 (regem
229 1139 270 1202 ipsi
286 1138 407 1202 appellant)
423 1141 454 1198 ud¹
466 1141 549 1188 Persea
562 1141 661 1194 mittunt,
680 1141 717 1198 qui
732 1154 791 1184 nun-

124 1199 196 1256 tiaret,
215 1200 231 1260 ²}
245 1203 319 1266 A'rgui
339 1205 406 1252 'cae‘dis
425 1204 557 1252 Euandrum
577 1202 722 1252 Cretensem:
742 1217 792 1250 esse

124 1274 198 1313 autem
207 1269 292 1330 judicia
301 1267 419 1333 apud's'ese
430 1271 493 1328 more
503 1272 612 1334 majorum
627 1274 753 1328 comparata
763 1267 792 1314 de
858 1308 862 1323 ,

124 1330 159 1384 ils,
177 1333 214 1392 qui
231 1333 325 1382 incestas
337 1337 420 1381 'manus‘
430 1335 540 1380 intulisse
556 1335 614 1379 intra
630 1333 738 1378 terminos
755 1346 792 1378 aa·

125 1401 198 1442 oratos
213 1397 413 1460 templi‘dica'ntur.
437 1399 473 1446 'si
489 1397 610 1445 confideret
624 1395 737 1450 Euander,
755 1396 791 1441 in-

125 1461 217 1520 noxium
233 1477 257 1510 se
271 1459 304 1509 rei
318 1464 416 1524 capitalis
432 1464 503 1525 sigui,
521 1461 745 1509 veniret‘adcausanr
758 1461 792 1506 di·

124 1524 230 1572 cendam:
250 1528 268 1573 si
282 1529 420 1574 committere
431 1527 547 1596 sejudicio
558 1531 607 1573 'non
622 1525 720 1579 auderet,
737 1524 794 1570 libe·

125 1597 184 1636 raret
195 1591 301 1654 religione
312 1593 434 1654 templum,'.
444 1605 474 1639 ac
482 1593 570 1639 sibimet
579 1592 627 1654 ipse
637 1587 790 1636 consuleret.”

125 1651 228 1710 Perseus,
246 1655 469 1712 evoceto2Er‘1and'ro,'
480 1657 589 1719 judicium
605 1655 712 1702 subeundi
729 1654 795 1700 nullo·

123 1725 189 1780 pacto
208 1729 285 1768 auctor
304 1737 365 1769 esse:
386 1729 401 1752 ‘⁴
417 1737 458 1768 nec
478 1719 544 1769 causd
563 1737 605 1767 nec
623 1717 696 1782 gradi
713 1733 790 1781 parem

121 1781 196 1830 sore-’³
231 1786 324 1832 Suberat
335 1786 405 1833 e'tille
415 1794 496 1840 metus,
509 1801 538 1832 ne
548 1786 664 1833 damnatus
675 1791 789 1831 auctorem

122 1861 147 1894 se
158 1847 246 1896 nefandi
256 1849 363 1897 facinoris
366 1852 522 1914 protraheret:
543 1858 559 1880 “
570 1850 647 1910 reliqui
658 1847 711 1911 quid
721 1855 789 1900 esset.

121 1912 164 1958 uisi
179 1920 205 1960 ut
214 1914 302 1962 fortiter
316 1915 457 1978 moriaturi”
474 1915 622 1977 Nihilpalnm
633 1915 729 1961 abnuere
739 1912 790 1959 Eu-

121 1977 202 2025 dnder:
223 1981 261 2027 sed
274 1995 333 2034 cum,
346 1994 439 2036 'veneno
451 1996 475 2026 se
485 1980 552 2026 malle
562 1979 626 2032 niori,
644 1985 711 2038 qu'am
721 1976 788 2031 ferro,

120 2041 226 2102 dixisset3
244 2045 331 2092 occulte
344 2044 421 2106 frigam
432 2046 528 2106 parabat
565 2043 633 2097 Quod
644 2054 695 2088 cum
707 2053 791 2087 renun-

120 2107 199 2154 tiatum
215 2110 262 2170 regi
277 2117 344 2163 esset,
361 2117 471 2162 metuens,
489 2123 525 2162 ne,
543 2116 655 2169 tamquam
670 2121 684 2153 a
699 2122 724 2152 se
736 2106 793 2152 sub·‘

122 2177 193 2218 tracto
208 2187 282 2234 poenae
298 2186 344 2228 reo,
361 2175 416 2220 iram
433 2175 602 2222 Samothracum
617 2173 640 2218 in
657 2187 681 2217 sc
695 2184 790 2240 conver-

120 2241 185 2289 teret,
203 2237 296 2284 interfici
308 2239 438 2285 Euandnrm
445 2239 520 2301 jussit
557 2235 610 2290 Qut
620 2234 745 2298 perpetrati
755 2242 790 2281 to-

120 2313 182 2347 mere
192 2301 260 2356 caede,
279 2304 344 2350 subiit
360 2303 473 2364 extemplo
481 2304 594 2355 ¹animum,
611 2302 635 2346 in
647 2315 672 2346 se
682 2300 787 2345 nimirum

119 2373 231 2428 receptam
246 2366 325 2422 labem,
344 2383 394 2428 quoe
409 2368 510 2414 Euandri
524 2367 615 2413 irrisaet:
634 2366 662 2412 ab
675 2365 714 2410 illo
729 2363 790 2410 Del·

118 2429 168 2492 phis
177 2429 317 2478 iulncratum
329 2431 463 2486 Eumenem,
476 2433 504 2478 ab
512 2447 536 2478 se
547 2431 700 2479 Samothrace
708 2427 796 2474 Euan-¹

119 2495 184 2553 dnum
198 2496 309 2543 occisum:
329 2497 360 2544 ita
375 2497 419 2548 thro
434 2497 573 2556 sanctisimo
582 2496 606 2541 in
617 2494 682 2553 torris
696 2492 786 2554 templa.

119 2569 144 2607 so
154 2563 308 2615 uno'auctore‚
321 2561 430 2623 sanguine
440 2562 538 2609 humano
550 2560 637 2606 violata.
667 2556 788 2621 HuJut'rei

117 2626 209 2682 eumen,
228 2633 332 2689 cormpto
346 2623 441 2688 pecuniis
451 2621 567 2680 lireondi,
585 2625 698 2678 avertitur,
716 2629 742 2669 ut
752 2635 789 2668 rs.-
