1892 2909
207 108 237 157 Τ.
250 108 339 157 LIVll
354 108 409 159 Lm.
421 105 550 159 XXXIX·
569 108 630 167 Cur„
643 114 668 157 8.
758 117 777 160 9

92 236 166 288 tuelle
180 248 301 303 appareret,
319 241 343 287 in
357 241 437 289 ducem
451 241 608 303 indulgentem
622 240 779 287 ambitiosum·

97 318 146 365 que
160 320 187 351 ea
200 306 259 363 dici;
275 306 413 367 triumphum
430 322 480 353 esse
496 307 584 353 militari
601 307 675 368 magis
689 305 777 361 imore,

16 368 17 425 ζ
97 384 167 429 quam
186 370 296 432 populari,
321 372 437 419 celebrem.
480 372 526 419 Sed
544 371 573 432 ad
590 372 667 433 populi
688 386 780 432 quoque

97 435 197 496 gratiam
208 436 370 482 conciliandum
381 436 446 483 amici
457 436 539 483 Manlii
553 437 685 494 valuerunt3
697 437 781 497 quibus

97 500 254 547 annitentibus
269 500 499 548 senatis-consultum
512 501 597 548 iactum
608 509 650 555 est,
669 498 733 547 “Ut
747 514 779 547 ex

97 559 196 627 pecuniri
210 580 262 625 quae
272 566 297 611 in
312 567 424 628 triumpho
440 567 548 613 translata
558 573 625 619 esset,
643 566 777 628 stipendium

98 630 208 677 collatum
225 646 240 676 a
257 632 340 692 populo
356 632 380 677 in
396 632 517 693 publicum,
534 631 595 692 quod
611 634 659 693 eJ'us
678 631 778 677 solution

16 742 17 747 ,
97 700 166 743 antea
177 708 225 741 uon
237 703 304 748 esset,
322 696 471 743 solveretur.”
505 697 779 757 Vicenosquinosetse-

97 760 179 806 misses
196 760 220 805 in
238 760 308 807 millia
325 762 376 807 aeris
393 770 516 822 quaestores
532 762 610 809 urbani
628 774 679 808 cum
695 760 740 807 tide
754 769 778 807 et

97 823 152 871 curi
172 825 307 885 solverunt,
332 824 377 872 Per
393 827 452 873 idem
471 835 560 889 tempus
579 828 660 873 tribuni
679 826 777 880 militum

97 890 142 937 duo
158 905 189 937 ex
200 888 286 937 duabus
298 888 415 952 Hispaniis
429 906 481 938 cum
492 892 564 941 literis
575 889 604 940 C·
618 891 690 937 Atinii
705 898 729 937 et
743 890 775 937 L.

98 952 190 1007 Manui,
203 956 243 1016 qui
251 971 288 1001 ees
298 956 425 1017 provincius
436 957 571 1010 obtinebant,
583 963 700 1003 venerunt.
736 954 777 1002 Ex

98 1018 126 1065 iis
142 1020 215 1065 literis
233 1021 350 1081 cognitum
367 1029 407 1074 est,
427 1020 552 1069 Celtiberos
569 1020 736 1081 Lusitanosque
752 1022 777 1067 in

99 1085 168 1131 armis
183 1100 241 1137 esse,
260 1093 283 1131 et
301 1086 411 1131 sociorum
429 1102 497 1147 agros
513 1086 622 1148 populari.
656 1085 696 1133 De
710 1084 738 1131 ei
752 1102 777 1131 re

99 1150 290 1197 consultationem
311 1150 422 1211 integrum
445 1157 535 1197 sentitus
558 1150 587 1196 sd
609 1165 680 1196 noros
704 1151 780 1213 magi·

99 1222 184 1261 stratus
203 1215 288 1277 rejecit
326 1212 396 1263 Ludis
414 1215 525 1262 Romanis
544 1232 571 1261 eo
590 1230 656 1268 anno,
677 1231 734 1275 quos
745 1214 774 1264 P.

99 1277 223 1327 Cornelius
244 1278 368 1341 Cethegus,
392 1280 423 1326 A.
441 1280 573 1328 Postumius
592 1280 689 1326 Albinus
707 1279 777 1327 tacie-

98 1345 158 1399 bunt,
178 1345 252 1392 malus
267 1344 290 1389 in
302 1342 370 1393 Circo
387 1346 495 1393 instabilis
511 1346 535 1391 in
552 1346 642 1407 signum
657 1345 778 1391 PollentIas

97 1408 202 1470 procidit,
219 1416 287 1469 atque
297 1410 320 1455 id
331 1410 416 1472 deJ'ecit.
451 1408 489 1457 Eri
500 1411 608 1472 religione
618 1410 674 1456 moti
686 1409 774 1464 Patres,

97 1482 121 1521 et
139 1474 199 1522 diem
219 1489 289 1520 unum
305 1474 451 1536 adjiciendum
466 1476 571 1521 ludorum
585 1470 775 1524 celebntau'cen-

98 1547 199 1593 suerunt,
218 1547 242 1585 et
257 1540 322 1601 signa
335 1540 379 1586 duo
394 1556 435 1601 pro
446 1555 492 1586 uno
503 1540 636 1602 reponenda,
654 1548 678 1586 et
688 1554 774 1587 novum

97 1611 202 1651 muranum
217 1602 349 1651 faciendum.
385 1605 418 1651 Et
435 1606 514 1667 plebeii
527 1606 573 1652 ludi
587 1606 615 1651 ab
626 1605 727 1652 aedilibus
741 1602 772 1659 C,

98 1669 235 1731 Sempronio
251 1668 329 1716 Blaeso
346 1676 369 1716 et
387 1670 424 1717 Μ.
443 1670 513 1717 Furio
530 1670 607 1717 Lusco
624 1670 684 1717 diem
702 1685 777 1717 unum

99 1733 217 1781 instaurati
229 1741 288 1780 sunt.

108 1832 111 1839 .
130 1796 205 1844 VIII.
227 1796 350 1860 Insequeus
365 1816 437 1847 annus
453 1802 495 1863 Sp.
507 1800 650 1847 Postumium
665 1801 775 1847 Albimun

98 1870 121 1909 ct
133 1862 167 1917 Q.
180 1862 294 1911 Marcium
307 1863 435 1927 Philippum
453 1865 556 1911 consides
570 1866 598 1911 ab
612 1866 713 1912 exercitu
727 1866 776 1912 bel-

98 1928 217 1987 lorumque
231 1937 254 1975 et
268 1930 433 1991 provinciarum
444 1928 499 1975 curi
508 1929 537 1976 ad
546 1930 659 1978 intestinae
670 1931 780 1991 conjura-

99 1993 167 2041 tionis
178 1992 299 2041 vindictam
310 1996 397 2043 avertit.
434 1992 548 2041 Praetores
561 1995 688 2055 provincius
702 1994 777 2042 sortiti

100 2066 159 2111 sint,
184 2057 213 2107 T.
235 2058 335 2117 Maenius
354 2060 467 2112 urbanam,
486 2059 523 2107 Μ.
544 2058 646 2111 lucinius
663 2058 777 2107 Lucullus

100 2124 158 2171 iuter
172 2124 233 2173 cives
248 2134 270 2170 et
286 2124 423 2185 peregdnoq
443 2122 474 2171 Cu
487 2124 592 2173 Aurelius
608 2124 705 2170 Scaurus
721 2124 775 2171 Sam

100 2188 190 2241 uniam,
215 2188 248 2246 P„
263 2186 382 2236 Cornelius
402 2188 465 2235 Sulla
484 2188 589 2242 Siciliam,
613 2187 642 2235 1.
665 2188 774 2243 Quintius

101 2250 219 2314 Crispinus
231 2252 366 2315 Hispaniam
376 2254 509 2306 citeriorem,
528 2252 556 2309 C.
571 2251 706 2315 Calpurnius
718 2252 775 2299 Piso

100 2316 233 2379 Hispaniam
245 2318 379 2365 ulteriorem·
411 2316 549 2365 Consulibus
559 2318 666 2366 ambobus
676 2318 774 2379 questio

98 2382 126 2430 de
137 2382 278 2430 clandestinis
292 2383 484 2445 conjurationibus
496 2383 585 2437 decreta
596 2391 637 2432 est
673 2384 773 2430 Graecus

98 2447 201 2509 ignobilis
218 2448 241 2493 in
256 2447 371 2495 Etruriam
386 2449 485 2509 primum
499 2448 561 2494 venit
578 2446 641 2495 nulli
658 2463 711 2494 cum
725 2455 775 2495 arte

98 2526 181 2566 etrum,
199 2528 253 2573 quus
268 2513 350 2564 multus
364 2513 393 2561 sd
407 2513 532 2560 animorum
547 2525 714 2572 corporumque
723 2512 773 2559 cul-

97 2583 145 2627 blm
156 2577 219 2627 nobis
230 2578 378 2628 eruditissima
388 2578 490 2623 omniurn
504 2591 562 2637 gens
575 2575 669 2626 invexit,
687 2572 774 2620 sacrifie

95 2642 192 2709 uiue
202 2648 280 2701 vatem
297 2656 339 2697 nec
349 2643 377 2697 is,
389 2641 427 2703 qui
438 2639 516 2702 usui
526 2639 644 2700 religione.
656 2634 774 2713 ΨΜ
