1892 2909
108 137 110 140 ·
209 97 216 158 s
279 98 435 175 annuus
452 95 506 173 'na
519 120 640 174 xnvrn.
743 131 790 176 ser

132 253 228 302 Porcius
236 253 296 304 Cato
303 247 380 309 suasit,
391 262 417 302 ut
425 242 716 326 Canbaginiensibrsacuin
725 244 795 305 drio-

132 320 259 372 baraanem,
336 335 349 366 e
364 327 442 366 contra
456 320 600 368 Masinissam
615 328 698 384 regem,
716 321 756 368 sed
770 337 796 369 re

132 381 186 430 veri
201 333 412 437 contra'ffdmanoa,
430 385 531 438 accitum,
549 387 572 431 in
586 384 666 432 lindius
680 386 793 440 haberent,

132 447 214 494 bellum
224 447 364 495 indiceretur.
399 446 572 496 Contradicentc
587 448 613 495 P.
628 449 734 498 Cornelio
745 450 796 496 Na·

133 510 187 565 stet,
203 512 292 574 placuit,
309 513 397 574 legatos
407 513 464 558 mitti
480 512 647 576 Carthaginem,
664 515 702 574 qui
717 526 796 576 specu-

132 575 238 630 larentur,
250 577 304 637 quid
314 584 423 638 ageretur.
459 575 575 640 Castigato
586 586 665 624 senatu
676 576 795 640 Carthagi-

80 657 85 664 ·
133 641 251 694 niensium,
269 641 336 702 quod,
354 648 432 687 contra
445 639 525 695 foedus,
543 649 566 689 et
581 643 703 689 exercitum
717 649 740 689 'et
755 657 796 688 na·

104 751 109 756 ,
132 705 194 752 vales
204 707 308 752 materias
318 706 430 758 haberent,
448 719 524 766 pacem
537 707 595 753 inter
605 721 644 752 eos
654 713 677 753 et
687 706 797 754 Masinis-

133 784 181 816 sam
190 769 263 817 iacere
270 770 395 823 voluerunt,
408 768 530 816 Masinissia
540 785 602 833 agro,
615 771 642 817 de
652 786 697 831 quo
704 771 732 817 lis
740 774 795 825 erat,

134 833 234 880 cedente.
271 833 316 881 Sed
331 834 411 896 Gisgo,
430 833 565 882 Hamilcaris
578 835 645 889 iiliusr
660 837 728 882 homo
738 835 798 882 sedi-

97 925 100 929 ·
135 899 214 950 docus,
224 898 261 959 qui
272 905 326 944 tunc
333 899 357 944 in
367 897 499 960 magistratu
510 906 564 952 erat,
577 915 628 945 cum
640 906 729 946 senatus
738 900 798 962 pari-

135 969 211 1008 turum
229 977 253 1008 se
266 963 349 1023 judicio
368 959 469 1028 [legatis]
488 963 585 1017 dixisset,
601 964 640 1017 ita,
657 964 740 1010 bellum
758 965 798 1010 ad-

135 1025 336 1073 versuaRomanos
343 1027 461 1080 suadendo,
471 1028 597 1082 concitavit,
606 1035 631 1074 ut
637 1029 731 1090 legatos,
741 1044 799 1088 quo-

137 1091 211 1136 minus
225 1089 367 1143 violarentur,
383 1091 438 1153 iuga
448 1092 585 1152 explicuerit.
619 1090 648 1137 Id
661 1094 797 1146 nuntiantes,

135 1153 242 1200 infestum
254 1156 300 1217 Jam
312 1162 412 1201 senatum
424 1154 650 1218 Carthaginiensibus,
662 1156 799 1204 infestiorem

68 1277 74 1283 .
135 1219 244 1266 iecerunt.
273 1216 316 1266 M.
330 1218 424 1266 Porcius
436 1218 494 1267 Cato
504 1219 551 1274 filii,
563 1219 693 1282 inpraeturia
707 1221 798 1275 mortui,

136 1283 204 1331 funus
215 1283 352 1336 tenuissimo,
364 1291 390 1330 ut
400 1285 476 1337 valuit,
490 1287 552 1347 (narn
563 1299 646 1346 pauper
656 1282 713 1346 erat)
723 1292 800 1332 sumtu

135 1348 198 1394 iecit.
233 1348 364 1401 Andriscus,
382 1349 420 1408 qui
431 1363 455 1395 se
466 1347 543 1395 Persei
557 1349 634 1402 filium,
652 1350 712 1410 regis
726 1365 800 1409 quon-

137 1411 189 1458 dam
206 1411 353 1466 Macedoniae,
376 1413 461 1474 ingenti
480 1413 642 1461 asseveratione
659 1414 799 1468 mentiretur,

137 1476 236 1524 Romam
247 1477 335 1524 missus.
366 1476 402 1523 M.
413 1477 520 1538 AEmilius
531 1477 637 1540 Lepidus,
649 1478 686 1539 qui
696 1480 800 1540 princeps

137 1541 228 1588 oenatds
236 1541 263 1588 ab
272 1542 340 1587 sextis
344 1543 392 1604 Jam
401 1543 529 1588 cenronbus
536 1551 584 1588 erat
591 1543 669 1596 lectus,
681 1551 800 1602 antequam

137 1605 266 1668 exspiraret,
279 1605 385 1668 praecepit
395 1605 452 1658 filiis,
465 1606 524 1652 lecto
536 1622 561 1653 se
571 1613 648 1661 strato,
660 1606 708 1653 sine
718 1607 800 1661 linteis,

138 1671 187 1718 sine
197 1669 300 1732 purpuri,
313 1668 430 1727 efferrent3
447 1671 471 1715 in
488 1671 595 1731 reliquum
613 1670 681 1718 iuuus
697 1685 727 1719 ne
741 1673 800 1734 plus,

138 1749 206 1796 quam
226 1735 277 1780 aeris
295 1734 371 1787 denos,
389 1742 558 1781 consumerent:
577 1736 700 1797 imaginmn
772 1737 799 1791 'e,

138 1813 185 1846 non
202 1797 317 1851 sumtibus,
335 1798 444 1845 nobilitari
459 1815 592 1861 magnorum
609 1801 708 1846 virorum
719 1751 803 1849 ffers

139 1863 222 1910 solere-
244 1861 284 1910 De
294 1861 407 1909 veneficiis
416 1864 542 1924 quaesitum.
561 1863 663 1910 Publicia
672 1873 695 1912 et
706 1863 801 1920 Licinia,

138 1928 224 1975 nobiles
238 1926 335 1980 lerninae,
353 1941 404 1987 quas
421 1927 482 1974 viros
498 1930 695 1975 suos‘consulares
711 1927 804 1978 nacione

138 1991 328 2044 insimulabantur,
347 1989 437 2053 cogniti
454 1991 527 2047 causi,
545 2007 597 2040 cum
614 1991 704 2054 p'raetori
720 2009 761 2056 pro
778 2008 804 2042 ae

138 2057 207 2103 vades
226 2056 344 2109 dedissent,
363 2063 509 2118 cognatorum
528 2057 617 2104 decreto
636 2065 722 2104 necatae
741 2065 801 2105 suut·

141 2121 247 2173 Gulussa,
265 2120 395 2166 Masatos
416 2120 481 2174 filius,
503 2121 647 2176 denuntiarit,
666 2120 804 2184 Cartbagine

139 2184 238 2232 delectus
253 2185 296 2246 agi,
309 2184 402 2231 classem
413 2186 542 2246 comparari,
554 2194 577 2232 et
587 2186 646 2232 baud
656 2185 746 2233 dubium
756 2187 805 2234 bel-

139 2249 187 2296 lum
203 2248 265 2294 arui.
300 2247 360 2297 Cum
376 2247 435 2296 Cato
450 2250 559 2305 suaderet,
576 2258 602 2296 ut
616 2250 643 2296 iis
654 2251 736 2299 bellarm
746 2251 805 2298 indi-

140 2319 235 2366 ceretur,
254 2311 281 2358 P.
293 2310 399 2360 Cornelio
410 2313 495 2360 Nasici
505 2315 599 2369 dicente,
611 2315 667 2361 nihil
676 2322 760 2362 temere
769 2315 805 2362 ia·

140 2377 251 2430 ciendum,
268 2377 357 2438 placuit,
378 2377 454 2424 decem
473 2378 532 2424 mitti
549 2380 638 2441 legatos
655 2380 803 2443 exploratum.

139 2441 170 2490 L.
185 2441 285 2488 Licinius
302 2440 418 2496 Lucullus,
436 2443 466 2489 A.
481 2441 612 2490 Postumius
628 2443 732 2499 Albinus,
749 2459 805 2490 con-

140 2507 207 2559 sules,
225 2521 276 2552 cum
288 2507 397 2554 delectum
411 2521 488 2554 severe
502 2514 602 2570 agerent,
619 2523 662 2555 nec
672 2523 805 2570 quemquam

139 2568 213 2634 gratini
223 2570 366 2625 dimitterent,
383 2571 411 2617 ab
421 2571 515 2619 tribunis
526 2572 602 2633 plebis,
620 2573 658 2633 qui
672 2589 714 2635 pro
728 2573 805 2621 auric'u

140 2636 187 2683 suis
197 2635 336 2684 mcatiom
347 2637 465 2699 impetrare
475 2651 521 2684 non
532 2644 642 2699 poterant,
659 2637 683 2684 in
691 2651 805 2688 macerem

173 2713 226 2747 von.
239 2712 262 2746 v.
314 2725 318 2739 ·
545 2704 582 2750 21
608 2708 614 2714 '
