1892 2909
127 104 181 148 ιιι
243 96 375 146 T.1.1vn
391 96 445 145 Lu.
458 94 557 145 XLIII.
576 94 686 149 Castis,

128 228 220 283 Perseo,
231 236 350 292 postquam
358 228 476 275 Romanus
487 228 597 275 exercitus
605 227 628 272 in
639 224 806 275 Macedoniam

127 294 233 348 venisset,
250 309 302 341 cum
321 295 363 340 sub
381 292 466 341 ditione
482 290 565 346 Persei,
583 299 606 339 et
623 300 675 339 ante
691 291 797 355 Philippi,

126 358 228 405 luissent.
263 357 311 405 Pro
329 375 364 413 eo,
381 365 405 404 et
422 356 483 417 quod
500 356 668 418 imperatoribus
687 356 801 404 Romanis

128 424 203 469 omnia
211 424 375 485 praestitissent,
392 422 415 469 id
426 437 450 467 se
461 429 548 468 tantum
563 436 633 475 orare,
651 430 677 469 ut
687 422 710 467 in
720 422 799 469 amici·

127 488 182 533 tiam
200 489 277 551 populi
294 488 393 535 Romani
412 486 575 549 reciperentur3
596 492 626 540 et,
644 487 663 533 si
681 500 726 549 pair
744 500 799 533 cum

128 551 213 599 Perseo
227 552 297 607 lieret,
314 553 475 613 exciperentur,
493 567 522 599 ne
532 552 555 597 in
566 552 651 613 regiam
663 558 799 613 potestatem

128 616 304 680 reciperentur.'’
339 615 434 665 Ceteris
448 617 529 678 legatis
543 616 636 663 comiter
651 630 796 679 responsum

126 681 294 745 Lampsacenos
304 682 327 727 in
339 682 449 728 sociorum
463 680 582 728 formulam
597 680 679 728 referre
691 680 723 735 0,
733 680 805 727 Mas·-

128 747 180 793 nius
198 754 281 809 praetor
295 748 380 821 jussus.
415 746 515 793 Munera
533 746 634 793 omnibus
652 746 676 791 in
695 746 798 807 singulos

127 812 205 858 hintinr
213 812 307 857 millium
314 812 366 857 ιιιίι
376 811 436 857 dats
469 810 636 857 Alabandenses
647 818 710 857 scuta
720 826 799 872 repor-

128 883 176 922 tare
186 876 214 922 ad
224 874 255 921 A.
267 874 392 921 Hostilium
403 876 534 922 consulem'
528 891 552 921 m
564 875 738 923 Macedoniam'
728 876 796 953 Jussi.

128 940 163 987 Et
179 954 208 985 ex
224 936 303 987 Africi
317 939 386 1001 legati
402 940 469 987 ιίιιιιιΙ
486 939 711 1002 Carthaginiensium,
729 940 799 987 tritici

128 1004 202 1051 decies
212 1011 303 1051 centnm
313 1005 382 1057 millia
392 1013 415 1052 et
425 1006 502 1051 hordei
511 1006 633 1067 quingenta
640 1005 762 1053 indicantes
774 1020 800 1053 se

128 1070 158 1116 ad
171 1084 233 1116 mare
246 1069 339 1116 devecta
352 1070 439 1124 habere,
457 1078 489 1124 ut,
507 1085 551 1131 quo
566 1077 656 1119 senatus
666 1071 798 1126 censuisset,

128 1135 277 1197 deportarent.
320 1141 336 1165 ‘⁴
348 1133 376 1181 Id
394 1150 477 1181 munus
495 1134 638 1196 officiumque
656 1150 722 1182 auum
741 1135 800 1183 scira

128 1200 203 1246 minus
213 1215 269 1253 esse,
286 1214 352 1261 quam
367 1215 408 1261 pro
423 1200 508 1246 meritis
521 1200 597 1261 populi
608 1198 706 1247 Romani
719 1207 742 1246 et
756 1216 799 1247 vo-

128 1265 215 1311 luntate
229 1280 281 1311 sua
301 1264 340 1311 sod
351 1265 481 1326 saepealias,
499 1265 596 1311 bonisin
607 1266 673 1311 rebus
684 1266 800 1327 utriusque

127 1330 211 1391 populi,
229 1344 254 1375 se
271 1336 388 1391 gratorum
405 1328 548 1390 fideliumque
567 1329 652 1376 socium
670 1330 799 1378 muneribus

128 1393 218 1441 functos
228 1393 295 1441 esse'
298 1392 381 1441 'Item
393 1393 522 1441 Masiniasae
532 1394 607 1456 legati,
619 1394 687 1441 tritici
697 1390 800 1443 eamdem

129 1474 240 1505 summam
250 1459 350 1521 polliciti,
367 1466 390 1507 et
403 1459 498 1505 milleet
509 1459 617 1505 ducentos
631 1460 724 1520 equites,
742 1459 799 1507 duo-

129 1524 201 1570 decim
218 1524 363 1585 ebphantos3
379 1531 409 1577 et,
427 1524 446 1569 si
464 1523 518 1584 quid
533 1523 593 1570 aliud
609 1540 665 1585 opus
681 1531 746 1578 esset,
765 1525 799 1572 uti

129 1588 249 1650 imperaret
267 1596 373 1645 senatus;
390 1603 455 1649 aeque
471 1603 588 1651 propenso
601 1589 683 1643 arrimo,
701 1604 727 1635 ac
746 1604 806 1651 quae

128 1653 177 1714 ipse
193 1654 252 1698 ultro
266 1653 377 1713 pollicitus
394 1652 430 1706 sit,
447 1660 605 1714 praestaturum
619 1668 675 1699 esse.
711 1653 801 1701 Gratiae

129 1724 153 1764 et
168 1715 390 1777 Carthaginiensibus
402 1724 425 1763 et
439 1718 488 1779 regi
498 1724 569 1774 actae;
586 1718 710 1779 rogatique,
727 1724 753 1764 ut
763 1734 797 1773 ea,

129 1796 182 1841 quae
192 1781 355 1842 pollicerentur,
373 1781 401 1827 ad
413 1780 539 1827 Hostilium
554 1782 669 1828 consulem
683 1782 707 1827 in
718 1781 798 1831 Mace-

129 1846 219 1891 doniam
231 1845 379 1905 deportarent.
414 1844 508 1909 Legatis
518 1847 542 1891 in
553 1846 653 1909 singulos
663 1847 740 1895 binum
748 1848 800 1895 rnil-

129 1911 185 1957 lium
196 1911 247 1956 reris
257 1924 350 1957 munera
360 1910 435 1957 missa.

163 1973 223 2022 VII.
247 1972 389 2023 Cretensium
410 1974 497 2038 legatis,
518 1977 749 2033 commemorantibus,
766 1994 798 2033 se,

131 2049 240 2101 quantum
259 2041 299 2087 sibi
314 2039 447 2102 imperatum
463 2040 519 2088 a.P.
531 2038 619 2087 Licinio
633 2042 726 2089 consule
740 2054 800 2091 esset

131 2106 304 2167 sagittariorum,
325 2105 348 2150 in
368 2104 525 2152 Macedoniam
544 2105 638 2161 misisse,
660 2122 712 2153 cum
730 2108 807 2155 intere

131 2171 204 2231 rogati
215 2186 261 2217 non
271 2168 429 2224 inficiarentur,
448 2178 464 2200 “
476 2170 534 2231 apud
545 2168 628 2217 Persea
638 2173 745 2233 majorem
757 2188 799 2220 nu-

131 2249 218 2281 merum
238 2234 409 2296 sagittariorum,
427 2250 494 2297 quam
516 2235 574 2296 apud
596 2234 719 2291 Romanos,
742 2238 801 2285 mili-

130 2297 204 2352 tare‚”
222 2314 353 2359 responsum
370 2306 445 2345 est:‘
448 2300 491 2345 ‘si
509 2298 630 2347 Cretenses
646 2302 704 2347 bene
720 2315 746 2349 ac
760 2316 807 2349 nav

130 2363 189 2410 viter
197 2362 331 2409 destinarent
339 2364 447 2424 potiorem
458 2363 534 2426 populi
544 2364 650 2420 Romani,
662 2381 729 2427 quam
741 2369 799 2430 regis

131 2426 216 2478 Persei,
228 2427 347 2473 amicitiam
358 2428 445 2504 habere,¹
456 2436 559 2475 senatum
570 2444 660 2490 quoque
670 2428 799 2481 Romanum

130 2492 165 2545 iis,
183 2498 296 2551 tamquam
311 2492 378 2539 certis
392 2493 467 2568 sociis,
483 2506 615 2555 responsum
626 2494 730 2541 daturum
740 2512 797 2544 esse.

130 2554 221 2602 Interea
231 2555 359 2603 nuntiarent
369 2572 422 2611 suis,
439 2558 527 2620 placere
537 2559 631 2611 senatui,
648 2558 701 2605 (lare

131 2618 259 2674 Cretenses,
272 2628 304 2677 ut,
316 2637 372 2682 quos
382 2622 481 2671 milites
475 2629 533 2671 intra
542 2622 715 2687 praesidiaregu
697 2575 800 2675 'm
838 2618 839 2622 ¹
