<?xml version="1.0" encoding="UTF-8"?>
<!DOCTYPE html PUBLIC "-//W3C//DTD XHTML 1.0 Transitional//EN"
    "http://www.w3.org/TR/xhtml1/DTD/xhtml1-transitional.dtd">
<html xmlns="http://www.w3.org/1999/xhtml" xml:lang="en" lang="en">
 <head>
  <title>
</title>
<meta http-equiv="Content-Type" content="text/html;charset=utf-8" />
  <meta name='ocr-system' content='tesseract 3.04.00' />
  <meta name='ocr-capabilities' content='ocr_page ocr_carea ocr_par ocr_line ocrx_word'/>
</head>
<body>
  <div class='ocr_page' id='page_1' title='image "./tliviipatavinih01caregoog_0349.png"; bbox 0 0 1892 2909; ppageno 0'>
   <div class='ocr_carea' id='block_1_1' title="bbox 170 88 725 155">
    <p class='ocr_par' dir='ltr' id='par_1_1' title="bbox 170 88 725 155">
     <span class='ocr_line' id='line_1_1' title="bbox 170 88 725 155; baseline -0.007 -12"><span class='ocrx_word' id='word_1_1' title='bbox 170 101 219 144; x_wconf 79' lang='lat' dir='ltr'><strong>sss</strong></span> <span class='ocrx_word' id='word_1_2' title='bbox 290 95 325 154; x_wconf 72' lang='grc' dir='ltr'><strong>Τ.</strong></span> <span class='ocrx_word' id='word_1_3' title='bbox 340 93 428 143; x_wconf 80' lang='lat' dir='ltr'><strong>lell</strong></span> <span class='ocrx_word' id='word_1_4' title='bbox 445 92 498 142; x_wconf 74' lang='lat' dir='ltr'><strong>Lo.</strong></span> <span class='ocrx_word' id='word_1_5' title='bbox 513 91 593 141; x_wconf 77' lang='lat' dir='ltr'>XLV.</span> <span class='ocrx_word' id='word_1_6' title='bbox 606 88 672 147; x_wconf 71' lang='lat' dir='ltr'><strong>,cm</strong></span> <span class='ocrx_word' id='word_1_7' title='bbox 685 95 725 155; x_wconf 73' lang='lat' dir='ltr'><strong>as.</strong></span> 
     </span>
    </p>
   </div>
   <div class='ocr_carea' id='block_1_2' title="bbox 135 221 852 2358">
    <p class='ocr_par' dir='ltr' id='par_1_2' title="bbox 135 221 852 2358">
     <span class='ocr_line' id='line_1_2' title="bbox 169 221 852 285; baseline 0 -15"><span class='ocrx_word' id='word_1_8' title='bbox 169 224 253 271; x_wconf 76' lang='lat' dir='ltr'><strong>abeatis</strong></span> <span class='ocrx_word' id='word_1_9' title='bbox 269 224 372 270; x_wconf 70' lang='lat' dir='ltr'><strong>vestras?</strong></span> <span class='ocrx_word' id='word_1_10' title='bbox 389 223 442 285; x_wconf 88' lang='lat' dir='ltr'><strong>quid</strong></span> <span class='ocrx_word' id='word_1_11' title='bbox 458 223 520 271; x_wconf 82' lang='lat' dir='ltr'><strong>eliud</strong></span> <span class='ocrx_word' id='word_1_12' title='bbox 537 221 694 285; x_wconf 70' lang='lat' dir='ltr'><strong>mpondeetis,</strong></span> <span class='ocrx_word' id='word_1_13' title='bbox 710 235 782 282; x_wconf 79' lang='lat' dir='ltr'><strong>quam</strong></span> <span class='ocrx_word' id='word_1_14' title='bbox 804 237 852 270; x_wconf 77' lang='lat' dir='ltr'><strong>vos</strong></span> 
     </span>
     <span class='ocr_line' id='line_1_3' title="bbox 169 287 851 350; baseline -0.003 -14"><span class='ocrx_word' id='word_1_15' title='bbox 169 289 332 350; x_wconf 84' lang='lat' dir='ltr'><strong>triumphantes</strong></span> <span class='ocrx_word' id='word_1_16' title='bbox 346 290 416 336; x_wconf 81' lang='lat' dir='ltr'><strong>sideri</strong></span> <span class='ocrx_word' id='word_1_17' title='bbox 433 289 509 336; x_wconf 79' lang='lat' dir='ltr'><strong>velle?</strong></span> <span class='ocrx_word' id='word_1_18' title='bbox 524 287 576 334; x_wconf 89' lang='lat' dir='ltr'><strong>Vos</strong></span> <span class='ocrx_word' id='word_1_19' title='bbox 592 293 653 334; x_wconf 83' lang='lat' dir='ltr'><strong>certe</strong></span> <span class='ocrx_word' id='word_1_20' title='bbox 668 287 768 334; x_wconf 82' lang='lat' dir='ltr'><strong>uictores</strong></span> <span class='ocrx_word' id='word_1_21' title='bbox 788 303 851 334; x_wconf 89' lang='lat' dir='ltr'><strong>con-</strong></span> 
     </span>
     <span class='ocr_line' id='line_1_4' title="bbox 171 353 780 416; baseline 0 -16"><span class='ocrx_word' id='word_1_22' title='bbox 171 353 225 416; x_wconf 88' lang='lat' dir='ltr'><strong>spici</strong></span> <span class='ocrx_word' id='word_1_23' title='bbox 236 354 295 400; x_wconf 87' lang='lat' dir='ltr'><strong>velle</strong></span> <span class='ocrx_word' id='word_1_24' title='bbox 305 353 424 400; x_wconf 83' lang='lat' dir='ltr'><strong>debebatis.</strong></span> <span class='ocrx_word' id='word_1_25' title='bbox 776 373 780 378; x_wconf 88' lang='lat'><em>·</em></span> 
     </span>
     <span class='ocr_line' id='line_1_5' title="bbox 204 413 849 480; baseline -0.003 -16"><span class='ocrx_word' id='word_1_26' title='bbox 204 416 330 464; x_wconf 85' lang='lat' dir='ltr'>XXXIX.</span> <span class='ocrx_word' id='word_1_27' title='bbox 346 427 361 448; x_wconf 86' lang='lat'>“</span> <span class='ocrx_word' id='word_1_28' title='bbox 373 418 546 480; x_wconf 87' lang='lat' dir='ltr'><strong>Triumphatum</strong></span> <span class='ocrx_word' id='word_1_29' title='bbox 557 432 627 478; x_wconf 87' lang='lat' dir='ltr'><strong>nuper</strong></span> <span class='ocrx_word' id='word_1_30' title='bbox 637 417 666 470; x_wconf 76' lang='lat' dir='ltr'><strong>de</strong></span> <span class='ocrx_word' id='word_1_31' title='bbox 676 413 792 478; x_wconf 89' lang='lat' dir='ltr'><strong>Philippo,</strong></span> <span class='ocrx_word' id='word_1_32' title='bbox 805 433 849 479; x_wconf 83' lang='lat' dir='ltr'><strong>pa-</strong></span> 
     </span>
     <span class='ocr_line' id='line_1_6' title="bbox 170 480 845 545; baseline -0.003 -16"><span class='ocrx_word' id='word_1_33' title='bbox 170 489 206 529; x_wconf 82' lang='lat' dir='ltr'><strong>tre</strong></span> <span class='ocrx_word' id='word_1_34' title='bbox 224 484 298 545; x_wconf 89' lang='lat' dir='ltr'><strong>hujus,</strong></span> <span class='ocrx_word' id='word_1_35' title='bbox 316 491 339 529; x_wconf 89' lang='lat' dir='ltr'><strong>et</strong></span> <span class='ocrx_word' id='word_1_36' title='bbox 356 483 384 530; x_wconf 90' lang='lat' dir='ltr'><strong>de</strong></span> <span class='ocrx_word' id='word_1_37' title='bbox 401 483 517 530; x_wconf 87' lang='lat' dir='ltr'><strong>Antiocho</strong></span> <span class='ocrx_word' id='word_1_38' title='bbox 535 488 577 528; x_wconf 85' lang='lat' dir='ltr'><strong>est.</strong></span> <span class='ocrx_word' id='word_1_39' title='bbox 612 480 688 527; x_wconf 84' lang='lat' dir='ltr'><strong>Ambo</strong></span> <span class='ocrx_word' id='word_1_40' title='bbox 707 483 845 543; x_wconf 77' lang='lat' dir='ltr'><strong>regnabant,</strong></span> 
     </span>
     <span class='ocr_line' id='line_1_7' title="bbox 166 545 848 609; baseline -0.003 -15"><span class='ocrx_word' id='word_1_41' title='bbox 166 563 224 594; x_wconf 65' lang='lat' dir='ltr'><strong>,cum</strong></span> <span class='ocrx_word' id='word_1_42' title='bbox 238 549 266 594; x_wconf 87' lang='lat' dir='ltr'><strong>de</strong></span> <span class='ocrx_word' id='word_1_43' title='bbox 276 548 311 594; x_wconf 88' lang='lat' dir='ltr'><strong>his</strong></span> <span class='ocrx_word' id='word_1_44' title='bbox 321 549 482 609; x_wconf 86' lang='lat' dir='ltr'><strong>triumphatum</strong></span> <span class='ocrx_word' id='word_1_45' title='bbox 494 553 536 594; x_wconf 81' lang='lat' dir='ltr'><strong>est.</strong></span> <span class='ocrx_word' id='word_1_46' title='bbox 571 545 611 592; x_wconf 86' lang='lat' dir='ltr'><strong>De</strong></span> <span class='ocrx_word' id='word_1_47' title='bbox 626 546 710 592; x_wconf 82' lang='lat' dir='ltr'><strong>Perseo</strong></span> <span class='ocrx_word' id='word_1_48' title='bbox 724 554 802 608; x_wconf 80' lang='lat' dir='ltr'><strong>capto,</strong></span> <span class='ocrx_word' id='word_1_49' title='bbox 821 547 848 593; x_wconf 91' lang='lat' dir='ltr'><strong>in</strong></span> 
     </span>
     <span class='ocr_line' id='line_1_8' title="bbox 173 611 847 672; baseline -0.003 -13"><span class='ocrx_word' id='word_1_50' title='bbox 173 611 260 659; x_wconf 88' lang='lat' dir='ltr'>Urbem</span> <span class='ocrx_word' id='word_1_51' title='bbox 282 628 333 658; x_wconf 91' lang='lat' dir='ltr'><strong>cum</strong></span> <span class='ocrx_word' id='word_1_52' title='bbox 354 613 429 659; x_wconf 85' lang='lat' dir='ltr'><strong>liberis</strong></span> <span class='ocrx_word' id='word_1_53' title='bbox 452 613 554 664; x_wconf 87' lang='lat' dir='ltr'><strong>abducto,</strong></span> <span class='ocrx_word' id='word_1_54' title='bbox 577 625 624 657; x_wconf 91' lang='lat' dir='ltr'><strong>non</strong></span> <span class='ocrx_word' id='word_1_55' title='bbox 650 611 847 672; x_wconf 75' lang='lat' dir='ltr'><strong>triumphabitur?</strong></span> 
     </span>
     <span class='ocr_line' id='line_1_9' title="bbox 173 675 848 738; baseline 0 -16"><span class='ocrx_word' id='word_1_56' title='bbox 173 677 243 731; x_wconf 75' lang='lat' dir='ltr'><strong>Quod</strong></span> <span class='ocrx_word' id='word_1_57' title='bbox 255 677 273 723; x_wconf 89' lang='lat' dir='ltr'><strong>si</strong></span> <span class='ocrx_word' id='word_1_58' title='bbox 283 677 307 722; x_wconf 92' lang='lat' dir='ltr'><strong>in</strong></span> <span class='ocrx_word' id='word_1_59' title='bbox 316 693 382 723; x_wconf 90' lang='lat' dir='ltr'><strong>curru</strong></span> <span class='ocrx_word' id='word_1_60' title='bbox 391 677 522 723; x_wconf 77' lang='lat' dir='ltr'><strong>scandentes</strong></span> <span class='ocrx_word' id='word_1_61' title='bbox 531 675 675 738; x_wconf 76' lang='lat' dir='ltr'><strong>capitolium,</strong></span> <span class='ocrx_word' id='word_1_62' title='bbox 687 683 778 722; x_wconf 83' lang='lat' dir='ltr'><strong>auratos</strong></span> <span class='ocrx_word' id='word_1_63' title='bbox 789 692 848 738; x_wconf 87' lang='lat' dir='ltr'><strong>pur-</strong></span> 
     </span>
     <span class='ocr_line' id='line_1_10' title="bbox 171 738 848 804; baseline -0.001 -16"><span class='ocrx_word' id='word_1_64' title='bbox 171 749 313 804; x_wconf 86' lang='lat' dir='ltr'><strong>puratosque,</strong></span> <span class='ocrx_word' id='word_1_65' title='bbox 331 755 360 788; x_wconf 86' lang='lat' dir='ltr'><strong>ex</strong></span> <span class='ocrx_word' id='word_1_66' title='bbox 370 740 474 788; x_wconf 84' lang='lat' dir='ltr'><strong>inferiore</strong></span> <span class='ocrx_word' id='word_1_67' title='bbox 487 742 539 788; x_wconf 91' lang='lat' dir='ltr'><strong>loco</strong></span> <span class='ocrx_word' id='word_1_68' title='bbox 554 738 583 787; x_wconf 90' lang='lat' dir='ltr'><strong>L.</strong></span> <span class='ocrx_word' id='word_1_69' title='bbox 597 739 682 786; x_wconf 83' lang='lat' dir='ltr'><strong>Paulus</strong></span> <span class='ocrx_word' id='word_1_70' title='bbox 694 740 718 785; x_wconf 92' lang='lat' dir='ltr'><strong>in</strong></span> <span class='ocrx_word' id='word_1_71' title='bbox 730 738 798 786; x_wconf 73' lang='lat' dir='ltr'><strong>turbt</strong></span> <span class='ocrx_word' id='word_1_72' title='bbox 809 748 848 788; x_wconf 88' lang='lat' dir='ltr'><strong>to-</strong></span> 
     </span>
     <span class='ocr_line' id='line_1_11' title="bbox 171 803 843 868; baseline 0.001 -16"><span class='ocrx_word' id='word_1_73' title='bbox 171 811 276 868; x_wconf 81' lang='lat' dir='ltr'><strong>gatorum</strong></span> <span class='ocrx_word' id='word_1_74' title='bbox 296 821 354 852; x_wconf 87' lang='lat' dir='ltr'><strong>unus</strong></span> <span class='ocrx_word' id='word_1_75' title='bbox 365 807 464 868; x_wconf 83' lang='lat' dir='ltr'><strong>privatus</strong></span> <span class='ocrx_word' id='word_1_76' title='bbox 480 807 619 866; x_wconf 81' lang='lat' dir='ltr'><strong>interroget:</strong></span> <span class='ocrx_word' id='word_1_77' title='bbox 633 804 686 852; x_wconf 74' lang='lat' dir='ltr'><strong>&#39;‘L-</strong></span> <span class='ocrx_word' id='word_1_78' title='bbox 697 805 772 859; x_wconf 85' lang='lat' dir='ltr'><strong>Anici,</strong></span> <span class='ocrx_word' id='word_1_79' title='bbox 794 803 843 853; x_wconf 83' lang='lat' dir='ltr'><strong>Cn.</strong></span> 
     </span>
     <span class='ocr_line' id='line_1_12' title="bbox 172 869 844 932; baseline 0 -16"><span class='ocrx_word' id='word_1_80' title='bbox 172 869 263 924; x_wconf 79' lang='lat' dir='ltr'><strong>Octavi,</strong></span> <span class='ocrx_word' id='word_1_81' title='bbox 279 878 354 916; x_wconf 91' lang='lat' dir='ltr'><strong>utrum</strong></span> <span class='ocrx_word' id='word_1_82' title='bbox 370 885 411 916; x_wconf 92' lang='lat' dir='ltr'><strong>vos</strong></span> <span class='ocrx_word' id='word_1_83' title='bbox 427 871 541 932; x_wconf 88' lang='lat' dir='ltr'><strong>digniores</strong></span> <span class='ocrx_word' id='word_1_84' title='bbox 554 870 668 931; x_wconf 86' lang='lat' dir='ltr'><strong>triumpho</strong></span> <span class='ocrx_word' id='word_1_85' title='bbox 680 885 737 923; x_wconf 81' lang='lat' dir='ltr'><strong>esse,</strong></span> <span class='ocrx_word' id='word_1_86' title='bbox 754 885 785 916; x_wconf 88' lang='lat' dir='ltr'><strong>an</strong></span> <span class='ocrx_word' id='word_1_87' title='bbox 796 885 844 925; x_wconf 82' lang='lat' dir='ltr'><strong>me,</strong></span> 
     </span>
     <span class='ocr_line' id='line_1_13' title="bbox 173 934 846 997; baseline 0.001 -16"><span class='ocrx_word' id='word_1_88' title='bbox 173 934 293 981; x_wconf 78' lang='lat' dir='ltr'><strong>censetisi’</strong></span> <span class='ocrx_word' id='word_1_89' title='bbox 311 950 401 981; x_wconf 89' lang='lat' dir='ltr'><strong>currum</strong></span> <span class='ocrx_word' id='word_1_90' title='bbox 412 936 433 982; x_wconf 88' lang='lat' dir='ltr'><strong>ci</strong></span> <span class='ocrx_word' id='word_1_91' title='bbox 444 935 535 988; x_wconf 86' lang='lat' dir='ltr'><strong>cessuri,</strong></span> <span class='ocrx_word' id='word_1_92' title='bbox 553 942 576 980; x_wconf 92' lang='lat' dir='ltr'><strong>et</strong></span> <span class='ocrx_word' id='word_1_93' title='bbox 583 950 631 995; x_wconf 83' lang='lat' dir='ltr'><strong>prae</strong></span> <span class='ocrx_word' id='word_1_94' title='bbox 642 934 726 997; x_wconf 90' lang='lat' dir='ltr'><strong>pudore</strong></span> <span class='ocrx_word' id='word_1_95' title='bbox 736 935 846 982; x_wconf 83' lang='lat' dir='ltr'><strong>ridentur</strong></span> 
     </span>
     <span class='ocr_line' id='line_1_14' title="bbox 171 999 845 1062; baseline 0.006 -18"><span class='ocrx_word' id='word_1_96' title='bbox 171 1000 269 1060; x_wconf 87' lang='lat' dir='ltr'><strong>insignia</strong></span> <span class='ocrx_word' id='word_1_97' title='bbox 283 1000 324 1062; x_wconf 90' lang='lat' dir='ltr'><strong>ipsi</strong></span> <span class='ocrx_word' id='word_1_98' title='bbox 340 1015 380 1046; x_wconf 85' lang='lat' dir='ltr'><strong>sus</strong></span> <span class='ocrx_word' id='word_1_99' title='bbox 394 1001 503 1046; x_wconf 87' lang='lat' dir='ltr'><strong>tradituri.</strong></span> <span class='ocrx_word' id='word_1_100' title='bbox 537 999 571 1045; x_wconf 87' lang='lat' dir='ltr'><strong>Et</strong></span> <span class='ocrx_word' id='word_1_101' title='bbox 584 1015 626 1045; x_wconf 81' lang='lat' dir='ltr'><strong>vos</strong></span> <span class='ocrx_word' id='word_1_102' title='bbox 638 999 755 1053; x_wconf 87' lang='lat' dir='ltr'><strong>Gentium,</strong></span> <span class='ocrx_word' id='word_1_103' title='bbox 772 1015 845 1060; x_wconf 88' lang='lat' dir='ltr'><strong>quam</strong></span> 
     </span>
     <span class='ocr_line' id='line_1_15' title="bbox 173 1063 846 1126; baseline 0.006 -16"><span class='ocrx_word' id='word_1_104' title='bbox 173 1063 264 1118; x_wconf 81' lang='lat' dir='ltr'><strong>Perses,</strong></span> <span class='ocrx_word' id='word_1_105' title='bbox 286 1065 337 1111; x_wconf 90' lang='lat' dir='ltr'><strong>duci</strong></span> <span class='ocrx_word' id='word_1_106' title='bbox 355 1064 379 1110; x_wconf 89' lang='lat' dir='ltr'><strong>in</strong></span> <span class='ocrx_word' id='word_1_107' title='bbox 398 1065 535 1126; x_wconf 81' lang='lat' dir='ltr'><strong>triumphum</strong></span> <span class='ocrx_word' id='word_1_108' title='bbox 552 1064 666 1118; x_wconf 81' lang='lat' dir='ltr'><strong>mavultis,</strong></span> <span class='ocrx_word' id='word_1_109' title='bbox 689 1063 798 1119; x_wconf 75' lang='lat' dir='ltr'><strong>Quirites,</strong></span> <span class='ocrx_word' id='word_1_110' title='bbox 815 1065 846 1114; x_wconf 73' lang='lat' dir='ltr'><strong>et</strong></span> 
     </span>
     <span class='ocr_line' id='line_1_16' title="bbox 173 1129 844 1191; baseline 0.004 -17"><span class='ocrx_word' id='word_1_111' title='bbox 173 1129 201 1176; x_wconf 92' lang='lat' dir='ltr'><strong>de</strong></span> <span class='ocrx_word' id='word_1_112' title='bbox 218 1130 347 1176; x_wconf 85' lang='lat' dir='ltr'><strong>secessione¹</strong></span> <span class='ocrx_word' id='word_1_113' title='bbox 364 1130 438 1191; x_wconf 88' lang='lat' dir='ltr'><strong>potius</strong></span> <span class='ocrx_word' id='word_1_114' title='bbox 458 1130 517 1182; x_wconf 90' lang='lat' dir='ltr'><strong>belli,</strong></span> <span class='ocrx_word' id='word_1_115' title='bbox 539 1144 605 1190; x_wconf 89' lang='lat' dir='ltr'><strong>quam</strong></span> <span class='ocrx_word' id='word_1_116' title='bbox 624 1129 734 1182; x_wconf 85' lang='lat' dir='ltr'><strong>debello,</strong></span> <span class='ocrx_word' id='word_1_117' title='bbox 760 1129 844 1177; x_wconf 86' lang='lat' dir='ltr'><strong>trium-</strong></span> 
     </span>
     <span class='ocr_line' id='line_1_17' title="bbox 172 1193 844 1257; baseline 0.003 -17"><span class='ocrx_word' id='word_1_118' title='bbox 172 1195 252 1256; x_wconf 83' lang='lat' dir='ltr'><strong>phari?</strong></span> <span class='ocrx_word' id='word_1_119' title='bbox 277 1194 311 1241; x_wconf 88' lang='lat' dir='ltr'><strong>Et</strong></span> <span class='ocrx_word' id='word_1_120' title='bbox 324 1194 425 1257; x_wconf 86' lang='lat' dir='ltr'><strong>legiones</strong></span> <span class='ocrx_word' id='word_1_121' title='bbox 440 1209 469 1240; x_wconf 86' lang='lat' dir='ltr'><strong>ex</strong></span> <span class='ocrx_word' id='word_1_122' title='bbox 485 1193 577 1254; x_wconf 85' lang='lat' dir='ltr'><strong>Illyrico</strong></span> <span class='ocrx_word' id='word_1_123' title='bbox 586 1194 692 1240; x_wconf 81' lang='lat' dir='ltr'><strong>laureatae</strong></span> <span class='ocrx_word' id='word_1_124' title='bbox 704 1193 790 1242; x_wconf 88' lang='lat' dir='ltr'><strong>Urbem</strong></span> <span class='ocrx_word' id='word_1_125' title='bbox 806 1196 844 1242; x_wconf 90' lang='lat' dir='ltr'><strong>in-</strong></span> 
     </span>
     <span class='ocr_line' id='line_1_18' title="bbox 173 1259 844 1321; baseline 0.003 -17"><span class='ocrx_word' id='word_1_126' title='bbox 173 1259 244 1312; x_wconf 83' lang='lat' dir='ltr'><strong>ibunt,</strong></span> <span class='ocrx_word' id='word_1_127' title='bbox 261 1265 285 1305; x_wconf 86' lang='lat' dir='ltr'><strong>et</strong></span> <span class='ocrx_word' id='word_1_128' title='bbox 301 1260 390 1318; x_wconf 84' lang='lat' dir='ltr'><strong>navales</strong></span> <span class='ocrx_word' id='word_1_129' title='bbox 405 1259 476 1305; x_wconf 82' lang='lat' dir='ltr'><strong>socii?</strong></span> <span class='ocrx_word' id='word_1_130' title='bbox 497 1259 653 1305; x_wconf 85' lang='lat' dir='ltr'><strong>Macedonicae</strong></span> <span class='ocrx_word' id='word_1_131' title='bbox 669 1259 776 1321; x_wconf 79' lang='lat' dir='ltr'><strong>legiones,</strong></span> <span class='ocrx_word' id='word_1_132' title='bbox 798 1276 844 1308; x_wconf 85' lang='lat' dir='ltr'><strong>auo</strong></span> 
     </span>
     <span class='ocr_line' id='line_1_19' title="bbox 172 1322 844 1386; baseline 0 -16"><span class='ocrx_word' id='word_1_133' title='bbox 172 1325 287 1386; x_wconf 81' lang='lat' dir='ltr'><strong>abrogato,</strong></span> <span class='ocrx_word' id='word_1_134' title='bbox 299 1325 423 1386; x_wconf 88' lang='lat' dir='ltr'><strong>triumphos</strong></span> <span class='ocrx_word' id='word_1_135' title='bbox 434 1323 518 1370; x_wconf 77' lang='lat' dir='ltr'><strong>alienos</strong></span> <span class='ocrx_word' id='word_1_136' title='bbox 526 1322 673 1384; x_wconf 78' lang='lat' dir='ltr'><strong>spectabunt?</strong></span> <span class='ocrx_word' id='word_1_137' title='bbox 692 1322 754 1377; x_wconf 82' lang='lat' dir='ltr'><strong>Quid</strong></span> <span class='ocrx_word' id='word_1_138' title='bbox 761 1324 844 1374; x_wconf 79' lang='lat' dir='ltr'><strong>deinde</strong></span> 
     </span>
     <span class='ocr_line' id='line_1_20' title="bbox 173 1386 844 1452; baseline 0.004 -17"><span class='ocrx_word' id='word_1_139' title='bbox 173 1395 220 1435; x_wconf 84' lang='lat' dir='ltr'><strong>tam</strong></span> <span class='ocrx_word' id='word_1_140' title='bbox 234 1387 327 1452; x_wconf 76' lang='lat' dir='ltr'><strong>[opimae</strong></span> <span class='ocrx_word' id='word_1_141' title='bbox 342 1386 445 1452; x_wconf 71' lang='lat' dir='ltr'><strong>praedae]</strong></span> <span class='ocrx_word' id='word_1_142' title='bbox 461 1396 506 1435; x_wconf 86' lang='lat' dir='ltr'><strong>tam</strong></span> <span class='ocrx_word' id='word_1_143' title='bbox 521 1388 633 1450; x_wconf 81' lang='lat' dir='ltr'><strong>opulentae</strong></span> <span class='ocrx_word' id='word_1_144' title='bbox 648 1388 749 1434; x_wconf 81' lang='lat' dir='ltr'><strong>victoriae</strong></span> <span class='ocrx_word' id='word_1_145' title='bbox 764 1391 844 1451; x_wconf 84' lang='lat' dir='ltr'><strong>spoliis</strong></span> 
     </span>
     <span class='ocr_line' id='line_1_21' title="bbox 173 1451 834 1508; baseline 0.005 -8"><span class='ocrx_word' id='word_1_146' title='bbox 173 1451 230 1500; x_wconf 81' lang='lat' dir='ltr'><strong>fiet?</strong></span> <span class='ocrx_word' id='word_1_147' title='bbox 249 1453 355 1508; x_wconf 81' lang='lat' dir='ltr'><strong>Quonam</strong></span> <span class='ocrx_word' id='word_1_148' title='bbox 369 1453 476 1500; x_wconf 77' lang='lat' dir='ltr'><strong>abdentur</strong></span> <span class='ocrx_word' id='word_1_149' title='bbox 490 1453 529 1500; x_wconf 85' lang='lat' dir='ltr'><strong>illu</strong></span> <span class='ocrx_word' id='word_1_150' title='bbox 541 1460 575 1499; x_wconf 92' lang='lat' dir='ltr'><strong>tot</strong></span> <span class='ocrx_word' id='word_1_151' title='bbox 585 1453 655 1500; x_wconf 89' lang='lat' dir='ltr'><strong>millia</strong></span> <span class='ocrx_word' id='word_1_152' title='bbox 663 1469 784 1507; x_wconf 86' lang='lat' dir='ltr'><strong>armorum,</strong></span> <span class='ocrx_word' id='word_1_153' title='bbox 802 1455 834 1503; x_wconf 82' lang='lat' dir='ltr'><strong>de</strong></span> 
     </span>
     <span class='ocr_line' id='line_1_22' title="bbox 174 1517 844 1580; baseline 0.003 -15"><span class='ocrx_word' id='word_1_154' title='bbox 174 1526 246 1566; x_wconf 83' lang='lat' dir='ltr'><strong>tracte</strong></span> <span class='ocrx_word' id='word_1_155' title='bbox 264 1520 392 1580; x_wconf 82' lang='lat' dir='ltr'><strong>corporibus</strong></span> <span class='ocrx_word' id='word_1_156' title='bbox 410 1517 525 1564; x_wconf 81' lang='lat' dir='ltr'><strong>hostium?</strong></span> <span class='ocrx_word' id='word_1_157' title='bbox 542 1532 571 1564; x_wconf 82' lang='lat' dir='ltr'><strong>un</strong></span> <span class='ocrx_word' id='word_1_158' title='bbox 587 1518 612 1563; x_wconf 91' lang='lat' dir='ltr'><strong>in</strong></span> <span class='ocrx_word' id='word_1_159' title='bbox 629 1517 788 1564; x_wconf 83' lang='lat' dir='ltr'><strong>Macedoniam</strong></span> <span class='ocrx_word' id='word_1_160' title='bbox 805 1535 844 1567; x_wconf 88' lang='lat' dir='ltr'><strong>re-</strong></span> 
     </span>
     <span class='ocr_line' id='line_1_23' title="bbox 174 1582 841 1644; baseline -0.003 -14"><span class='ocrx_word' id='word_1_161' title='bbox 174 1583 309 1640; x_wconf 80' lang='lat' dir='ltr'><strong>mittentur?</strong></span> <span class='ocrx_word' id='word_1_162' title='bbox 332 1582 386 1637; x_wconf 83' lang='lat' dir='ltr'><strong>Quo</strong></span> <span class='ocrx_word' id='word_1_163' title='bbox 405 1583 469 1644; x_wconf 81' lang='lat' dir='ltr'><strong>signa</strong></span> <span class='ocrx_word' id='word_1_164' title='bbox 488 1597 561 1636; x_wconf 84' lang='lat' dir='ltr'><strong>aurea,</strong></span> <span class='ocrx_word' id='word_1_165' title='bbox 582 1597 714 1636; x_wconf 79' lang='lat' dir='ltr'><strong>marmorea,</strong></span> <span class='ocrx_word' id='word_1_166' title='bbox 735 1583 841 1639; x_wconf 82' lang='lat' dir='ltr'><strong>eburnea,</strong></span> 
     </span>
     <span class='ocr_line' id='line_1_24' title="bbox 174 1647 842 1710; baseline 0.001 -16"><span class='ocrx_word' id='word_1_167' title='bbox 174 1649 256 1695; x_wconf 82' lang='lat' dir='ltr'><strong>tabulae</strong></span> <span class='ocrx_word' id='word_1_168' title='bbox 266 1648 340 1710; x_wconf 79' lang='lat' dir='ltr'><strong>pistae,</strong></span> <span class='ocrx_word' id='word_1_169' title='bbox 357 1647 449 1701; x_wconf 74' lang='lat' dir='ltr'><strong>textilia,</strong></span> <span class='ocrx_word' id='word_1_170' title='bbox 465 1655 552 1693; x_wconf 85' lang='lat' dir='ltr'><strong>tuntum</strong></span> <span class='ocrx_word' id='word_1_171' title='bbox 563 1648 651 1709; x_wconf 83' lang='lat' dir='ltr'><strong>argenti</strong></span> <span class='ocrx_word' id='word_1_172' title='bbox 661 1648 740 1702; x_wconf 63' lang='lat' dir='ltr'><strong>caelati,</strong></span> <span class='ocrx_word' id='word_1_173' title='bbox 752 1655 842 1696; x_wconf 76' lang='lat' dir='ltr'><strong>tanturm</strong></span> 
     </span>
     <span class='ocr_line' id='line_1_25' title="bbox 135 1711 843 1774; baseline -0.006 -15"><span class='ocrx_word' id='word_1_174' title='bbox 135 1738 137 1746; x_wconf 47' lang='grc' dir='ltr'><strong>ν</strong></span> <span class='ocrx_word' id='word_1_175' title='bbox 174 1713 229 1766; x_wconf 85' lang='lat' dir='ltr'><strong>auri,</strong></span> <span class='ocrx_word' id='word_1_176' title='bbox 247 1719 310 1758; x_wconf 75' lang='lat' dir='ltr'><strong>tantu</strong></span> <span class='ocrx_word' id='word_1_177' title='bbox 320 1713 412 1773; x_wconf 87' lang='lat' dir='ltr'><strong>pecunia</strong></span> <span class='ocrx_word' id='word_1_178' title='bbox 427 1711 506 1774; x_wconf 79' lang='lat' dir='ltr'><strong>regia?</strong></span> <span class='ocrx_word' id='word_1_179' title='bbox 522 1713 562 1758; x_wconf 86' lang='lat' dir='ltr'><strong>An</strong></span> <span class='ocrx_word' id='word_1_180' title='bbox 573 1720 649 1765; x_wconf 85' lang='lat' dir='ltr'><strong>noctu,</strong></span> <span class='ocrx_word' id='word_1_181' title='bbox 666 1719 780 1773; x_wconf 80' lang='lat' dir='ltr'><strong>tamquam</strong></span> <span class='ocrx_word' id='word_1_182' title='bbox 792 1712 843 1760; x_wconf 80' lang='lat' dir='ltr'><strong>fur.</strong></span> 
     </span>
     <span class='ocr_line' id='line_1_26' title="bbox 174 1775 841 1841; baseline 0 -17"><span class='ocrx_word' id='word_1_183' title='bbox 174 1778 228 1831; x_wconf 81' lang='lat' dir='ltr'><strong>tiva,</strong></span> <span class='ocrx_word' id='word_1_184' title='bbox 245 1777 269 1822; x_wconf 90' lang='lat' dir='ltr'><strong>in</strong></span> <span class='ocrx_word' id='word_1_185' title='bbox 285 1777 387 1839; x_wconf 84' lang='lat' dir='ltr'><strong>serarium</strong></span> <span class='ocrx_word' id='word_1_186' title='bbox 401 1777 592 1838; x_wconf 78' lang='lat' dir='ltr'><strong>deportabuntur?</strong></span> <span class='ocrx_word' id='word_1_187' title='bbox 610 1775 691 1830; x_wconf 75' lang='lat' dir='ltr'><strong>Quid?</strong></span> <span class='ocrx_word' id='word_1_188' title='bbox 706 1777 761 1824; x_wconf 86' lang='lat' dir='ltr'><strong>illud</strong></span> <span class='ocrx_word' id='word_1_189' title='bbox 776 1792 841 1841; x_wconf 83' lang='lat' dir='ltr'><strong>speo-</strong></span> 
     </span>
     <span class='ocr_line' id='line_1_27' title="bbox 175 1841 843 1906; baseline 0 -18"><span class='ocrx_word' id='word_1_190' title='bbox 175 1842 273 1888; x_wconf 85' lang='lat' dir='ltr'><strong>taculum</strong></span> <span class='ocrx_word' id='word_1_191' title='bbox 292 1842 422 1896; x_wconf 85' lang='lat' dir='ltr'><strong>maximum,</strong></span> <span class='ocrx_word' id='word_1_192' title='bbox 446 1841 596 1888; x_wconf 85' lang='lat' dir='ltr'><strong>nobilissimus</strong></span> <span class='ocrx_word' id='word_1_193' title='bbox 617 1842 843 1906; x_wconf 76' lang='lat' dir='ltr'><strong>opulentissimusque</strong></span> 
     </span>
     <span class='ocr_line' id='line_1_28' title="bbox 175 1905 844 1970; baseline -0.007 -16"><span class='ocrx_word' id='word_1_194' title='bbox 175 1921 216 1954; x_wconf 89' lang='lat' dir='ltr'><strong>rex</strong></span> <span class='ocrx_word' id='word_1_195' title='bbox 227 1913 311 1968; x_wconf 78' lang='lat' dir='ltr'><strong>captus,</strong></span> <span class='ocrx_word' id='word_1_196' title='bbox 324 1907 361 1952; x_wconf 92' lang='lat' dir='ltr'><strong>ubi</strong></span> <span class='ocrx_word' id='word_1_197' title='bbox 371 1905 450 1968; x_wconf 85' lang='lat' dir='ltr'><strong>victori</strong></span> <span class='ocrx_word' id='word_1_198' title='bbox 461 1906 544 1968; x_wconf 93' lang='lat' dir='ltr'><strong>populo</strong></span> <span class='ocrx_word' id='word_1_199' title='bbox 557 1905 702 1970; x_wconf 74' lang='lat' dir='ltr'><strong>ostendetur?</strong></span> <span class='ocrx_word' id='word_1_200' title='bbox 720 1905 786 1961; x_wconf 85' lang='lat' dir='ltr'><strong>Quos</strong></span> <span class='ocrx_word' id='word_1_201' title='bbox 797 1906 844 1970; x_wconf 60' lang='lat' dir='ltr'><strong>spi.</strong></span> 
     </span>
     <span class='ocr_line' id='line_1_29' title="bbox 174 1968 845 2036; baseline 0.003 -18"><span class='ocrx_word' id='word_1_202' title='bbox 174 1973 235 2036; x_wconf 86' lang='lat' dir='ltr'><strong>phax</strong></span> <span class='ocrx_word' id='word_1_203' title='bbox 246 1986 286 2018; x_wconf 85' lang='lat' dir='ltr'><strong>rex</strong></span> <span class='ocrx_word' id='word_1_204' title='bbox 296 1978 381 2033; x_wconf 84' lang='lat' dir='ltr'><strong>eaptus,</strong></span> <span class='ocrx_word' id='word_1_205' title='bbox 398 1971 496 2018; x_wconf 87' lang='lat' dir='ltr'><strong>accessio</strong></span> <span class='ocrx_word' id='word_1_206' title='bbox 507 1968 588 2018; x_wconf 89' lang='lat' dir='ltr'><strong>Punici</strong></span> <span class='ocrx_word' id='word_1_207' title='bbox 598 1971 657 2025; x_wconf 90' lang='lat' dir='ltr'><strong>belli,</strong></span> <span class='ocrx_word' id='word_1_208' title='bbox 675 1986 797 2018; x_wconf 85' lang='lat' dir='ltr'><strong>concursus</strong></span> <span class='ocrx_word' id='word_1_209' title='bbox 808 1971 845 2020; x_wconf 81' lang='lat' dir='ltr'><strong>ie-</strong></span> 
     </span>
     <span class='ocr_line' id='line_1_30' title="bbox 176 2035 844 2098; baseline 0.001 -14"><span class='ocrx_word' id='word_1_210' title='bbox 176 2037 238 2091; x_wconf 85' lang='lat' dir='ltr'><strong>cerit,</strong></span> <span class='ocrx_word' id='word_1_211' title='bbox 250 2037 349 2098; x_wconf 88' lang='lat' dir='ltr'><strong>plerique</strong></span> <span class='ocrx_word' id='word_1_212' title='bbox 359 2036 508 2084; x_wconf 85' lang='lat' dir='ltr'><strong>meminimus.</strong></span> <span class='ocrx_word' id='word_1_213' title='bbox 532 2035 629 2084; x_wconf 88' lang='lat' dir='ltr'><strong>Perseus</strong></span> <span class='ocrx_word' id='word_1_214' title='bbox 640 2050 680 2083; x_wconf 86' lang='lat' dir='ltr'><strong>rex</strong></span> <span class='ocrx_word' id='word_1_215' title='bbox 690 2044 774 2098; x_wconf 85' lang='lat' dir='ltr'><strong>captus,</strong></span> <span class='ocrx_word' id='word_1_216' title='bbox 787 2036 844 2085; x_wconf 89' lang='lat' dir='ltr'><strong>Pbi-</strong></span> 
     </span>
     <span class='ocr_line' id='line_1_31' title="bbox 174 2099 844 2164; baseline 0 -16"><span class='ocrx_word' id='word_1_217' title='bbox 174 2102 249 2164; x_wconf 89' lang='lat' dir='ltr'><strong>lippus</strong></span> <span class='ocrx_word' id='word_1_218' title='bbox 260 2108 283 2148; x_wconf 89' lang='lat' dir='ltr'><strong>et</strong></span> <span class='ocrx_word' id='word_1_219' title='bbox 293 2101 422 2148; x_wconf 76' lang='lat' dir='ltr'><strong>Alexander</strong></span> <span class='ocrx_word' id='word_1_220' title='bbox 431 2100 471 2147; x_wconf 87' lang='lat' dir='ltr'><strong>filii</strong></span> <span class='ocrx_word' id='word_1_221' title='bbox 482 2099 550 2162; x_wconf 80' lang='lat' dir='ltr'><strong>regis,</strong></span> <span class='ocrx_word' id='word_1_222' title='bbox 567 2109 630 2148; x_wconf 84' lang='lat' dir='ltr'><strong>tanto</strong></span> <span class='ocrx_word' id='word_1_223' title='bbox 640 2102 738 2155; x_wconf 87' lang='lat' dir='ltr'><strong>nomina,</strong></span> <span class='ocrx_word' id='word_1_224' title='bbox 757 2102 844 2151; x_wconf 75' lang='lat' dir='ltr'><strong>subtre-</strong></span> 
     </span>
     <span class='ocr_line' id='line_1_32' title="bbox 175 2163 844 2227; baseline 0.001 -14"><span class='ocrx_word' id='word_1_225' title='bbox 175 2167 258 2213; x_wconf 90' lang='lat' dir='ltr'><strong>hentur</strong></span> <span class='ocrx_word' id='word_1_226' title='bbox 272 2166 367 2213; x_wconf 84' lang='lat' dir='ltr'><strong>ciuitatis</strong></span> <span class='ocrx_word' id='word_1_227' title='bbox 379 2165 467 2212; x_wconf 82' lang='lat' dir='ltr'><strong>oculis?</strong></span> <span class='ocrx_word' id='word_1_228' title='bbox 485 2163 563 2227; x_wconf 86' lang='lat' dir='ltr'><strong>ipsum</strong></span> <span class='ocrx_word' id='word_1_229' title='bbox 579 2164 608 2213; x_wconf 80' lang='lat' dir='ltr'><strong>L,</strong></span> <span class='ocrx_word' id='word_1_230' title='bbox 622 2165 726 2220; x_wconf 81' lang='lat' dir='ltr'><strong>Paulum,</strong></span> <span class='ocrx_word' id='word_1_231' title='bbox 742 2167 777 2214; x_wconf 90' lang='lat' dir='ltr'><strong>bis</strong></span> <span class='ocrx_word' id='word_1_232' title='bbox 788 2179 844 2214; x_wconf 85' lang='lat' dir='ltr'><strong>con·-</strong></span> 
     </span>
     <span class='ocr_line' id='line_1_33' title="bbox 177 2231 845 2294; baseline 0 -16"><span class='ocrx_word' id='word_1_233' title='bbox 177 2232 256 2285; x_wconf 86' lang='lat' dir='ltr'><strong>sulem,</strong></span> <span class='ocrx_word' id='word_1_234' title='bbox 269 2231 401 2278; x_wconf 85' lang='lat' dir='ltr'><strong>domitorem</strong></span> <span class='ocrx_word' id='word_1_235' title='bbox 414 2231 520 2284; x_wconf 81' lang='lat' dir='ltr'><strong>Graeciae,</strong></span> <span class='ocrx_word' id='word_1_236' title='bbox 534 2231 635 2278; x_wconf 90' lang='lat' dir='ltr'><strong>omnium</strong></span> <span class='ocrx_word' id='word_1_237' title='bbox 645 2231 705 2278; x_wconf 89' lang='lat' dir='ltr'><strong>oculi</strong></span> <span class='ocrx_word' id='word_1_238' title='bbox 715 2233 845 2294; x_wconf 79' lang='lat' dir='ltr'><strong>conspicere</strong></span> 
     </span>
     <span class='ocr_line' id='line_1_34' title="bbox 177 2295 845 2358; baseline 0.006 -16"><span class='ocrx_word' id='word_1_239' title='bbox 177 2295 264 2342; x_wconf 91' lang='lat' dir='ltr'><strong>Urbem</strong></span> <span class='ocrx_word' id='word_1_240' title='bbox 280 2311 346 2343; x_wconf 90' lang='lat' dir='ltr'><strong>curru</strong></span> <span class='ocrx_word' id='word_1_241' title='bbox 359 2296 522 2358; x_wconf 79' lang='lat' dir='ltr'><strong>ingredientem</strong></span> <span class='ocrx_word' id='word_1_242' title='bbox 537 2303 613 2344; x_wconf 84' lang='lat' dir='ltr'><strong>avent.</strong></span> <span class='ocrx_word' id='word_1_243' title='bbox 648 2295 687 2342; x_wconf 87' lang='lat' dir='ltr'><strong>Ad</strong></span> <span class='ocrx_word' id='word_1_244' title='bbox 698 2297 741 2343; x_wconf 89' lang='lat' dir='ltr'><strong>boc</strong></span> <span class='ocrx_word' id='word_1_245' title='bbox 751 2296 845 2346; x_wconf 73' lang='lat' dir='ltr'><strong>fecimus</strong></span> 
     </span>
    </p>
   </div>
   <div class='ocr_carea' id='block_1_3' title="bbox 177 2361 934 2433">
    <p class='ocr_par' dir='ltr' id='par_1_3' title="bbox 177 2361 934 2433">
     <span class='ocr_line' id='line_1_35' title="bbox 177 2361 934 2433; baseline 0.007 -27"><span class='ocrx_word' id='word_1_246' title='bbox 177 2361 299 2414; x_wconf 86' lang='lat' dir='ltr'><strong>consulem,</strong></span> <span class='ocrx_word' id='word_1_247' title='bbox 312 2368 337 2406; x_wconf 88' lang='lat' dir='ltr'><strong>ut</strong></span> <span class='ocrx_word' id='word_1_248' title='bbox 346 2361 436 2414; x_wconf 83' lang='lat' dir='ltr'><strong>bellum,</strong></span> <span class='ocrx_word' id='word_1_249' title='bbox 449 2377 489 2423; x_wconf 91' lang='lat' dir='ltr'><strong>per</strong></span> <span class='ocrx_word' id='word_1_250' title='bbox 499 2361 668 2421; x_wconf 85' lang='lat' dir='ltr'><strong>quadriennium</strong></span> <span class='ocrx_word' id='word_1_251' title='bbox 679 2361 767 2422; x_wconf 88' lang='lat' dir='ltr'><strong>ingenti</strong></span> <span class='ocrx_word' id='word_1_252' title='bbox 780 2363 846 2410; x_wconf 83' lang='lat' dir='ltr'><strong>stiam</strong></span> <span class='ocrx_word' id='word_1_253' title='bbox 933 2396 934 2433; x_wconf 58' lang='lat' dir='ltr'><strong>q</strong></span> 
     </span>
    </p>
   </div>
   <div class='ocr_carea' id='block_1_4' title="bbox 172 2424 848 2680">
    <p class='ocr_par' dir='ltr' id='par_1_4' title="bbox 172 2424 848 2680">
     <span class='ocr_line' id='line_1_36' title="bbox 172 2424 846 2488; baseline 0.009 -20"><span class='ocrx_word' id='word_1_254' title='bbox 172 2424 261 2484; x_wconf 74' lang='lat' dir='ltr'><strong>&#39;pudore</strong></span> <span class='ocrx_word' id='word_1_255' title='bbox 278 2433 355 2471; x_wconf 91' lang='lat' dir='ltr'><strong>nostro</strong></span> <span class='ocrx_word' id='word_1_256' title='bbox 375 2432 479 2478; x_wconf 85' lang='lat' dir='ltr'><strong>tractum,</strong></span> <span class='ocrx_word' id='word_1_257' title='bbox 496 2425 626 2487; x_wconf 74' lang='lat' dir='ltr'><strong>perficeret:</strong></span> <span class='ocrx_word' id='word_1_258' title='bbox 645 2425 681 2471; x_wconf 89' lang='lat' dir='ltr'><strong>cui</strong></span> <span class='ocrx_word' id='word_1_259' title='bbox 699 2426 779 2472; x_wconf 85' lang='lat' dir='ltr'><strong>sortito</strong></span> <span class='ocrx_word' id='word_1_260' title='bbox 795 2443 846 2488; x_wconf 88' lang='lat' dir='ltr'><strong>pro·</strong></span> 
     </span>
     <span class='ocr_line' id='line_1_37' title="bbox 175 2487 848 2552; baseline 0.007 -19"><span class='ocrx_word' id='word_1_261' title='bbox 175 2487 289 2540; x_wconf 66' lang='lat' dir='ltr'><strong>nnciam</strong></span> <span class='ocrx_word' id='word_1_262' title='bbox 297 2490 333 2534; x_wconf 93' lang='lat' dir='ltr'><strong>cui</strong></span> <span class='ocrx_word' id='word_1_263' title='bbox 347 2489 496 2551; x_wconf 87' lang='lat' dir='ltr'><strong>proficiscenti</strong></span> <span class='ocrx_word' id='word_1_264' title='bbox 505 2490 690 2552; x_wconf 73' lang='lat' dir='ltr'><strong>praesagientibus</strong></span> <span class='ocrx_word' id='word_1_265' title='bbox 707 2489 786 2536; x_wconf 86' lang='lat' dir='ltr'><strong>animis</strong></span> <span class='ocrx_word' id='word_1_266' title='bbox 800 2492 848 2538; x_wconf 78' lang='lat' dir='ltr'><strong>vio·</strong></span> 
     </span>
     <span class='ocr_line' id='line_1_38' title="bbox 175 2545 846 2616; baseline 0.009 -19"><span class='ocrx_word' id='word_1_267' title='bbox 175 2550 255 2597; x_wconf 80' lang='lat' dir='ltr'><strong>torinrn</strong></span> <span class='ocrx_word' id='word_1_268' title='bbox 266 2551 447 2616; x_wconf 89' lang='lat' dir='ltr'><strong>triumphumque</strong></span> <span class='ocrx_word' id='word_1_269' title='bbox 458 2555 625 2608; x_wconf 82' lang='lat' dir='ltr'><strong>destinavimus,</strong></span> <span class='ocrx_word' id='word_1_270' title='bbox 642 2554 664 2601; x_wconf 90' lang='lat' dir='ltr'><strong>ei</strong></span> <span class='ocrx_word' id='word_1_271' title='bbox 674 2545 757 2600; x_wconf 79' lang='lat' dir='ltr'><strong>victori</strong></span> <span class='ocrx_word' id='word_1_272' title='bbox 768 2555 846 2603; x_wconf 70' lang='lat' dir='ltr'><strong>trium·-</strong></span> 
     </span>
     <span class='ocr_line' id='line_1_39' title="bbox 175 2614 846 2680; baseline 0.015 -21"><span class='ocrx_word' id='word_1_273' title='bbox 175 2614 244 2676; x_wconf 87' lang='lat' dir='ltr'><strong>pbum</strong></span> <span class='ocrx_word' id='word_1_274' title='bbox 256 2617 377 2678; x_wconf 80' lang='lat' dir='ltr'><strong>negaturi?</strong></span> <span class='ocrx_word' id='word_1_275' title='bbox 393 2619 516 2680; x_wconf 84' lang='lat' dir='ltr'><strong>etquidem</strong></span> <span class='ocrx_word' id='word_1_276' title='bbox 527 2633 574 2668; x_wconf 93' lang='lat' dir='ltr'><strong>non</strong></span> <span class='ocrx_word' id='word_1_277' title='bbox 585 2619 688 2668; x_wconf 76' lang='lat' dir='ltr'><strong>bomine·</strong></span> <span class='ocrx_word' id='word_1_278' title='bbox 698 2625 795 2675; x_wconf 80' lang='lat' dir='ltr'><strong>tautum,</strong></span> <span class='ocrx_word' id='word_1_279' title='bbox 807 2621 846 2669; x_wconf 83' lang='lat' dir='ltr'><strong>scd</strong></span> 
     </span>
    </p>
   </div>
   <div class='ocr_carea' id='block_1_5' title="bbox 0 0 951 2909">
    <p class='ocr_par' dir='ltr' id='par_1_5' title="bbox 0 0 951 2909">
     <span class='ocr_line' id='line_1_40' title="bbox 0 0 951 2909; baseline 0 0"><span class='ocrx_word' id='word_1_280' title='bbox 0 0 951 2909; x_wconf 95' lang='lat' dir='ltr'><strong> </strong></span> 
     </span>
    </p>
   </div>
  </div>
 </body>
</html>
