1892 2909
280 112 309 160 Τ.
322 112 411 161 LlVII
427 112 480 161 Lm.
495 112 550 161 XL.
569 112 630 163 (λιι.
645 119 684 162 27.
786 122 818 166 85

143 243 221 291 ,ntum
236 256 265 289 ex
280 240 355 290 onus
368 242 494 289 seduceret
508 243 531 288 ιιι
547 241 652 305 figures,
667 250 691 290 et
704 242 733 289 ιι
744 227 820 292 mirra

145 310 206 355 ,lium
224 308 327 355 liberaret
345 308 465 353 obsidione.
501 306 562 353 Haec
581 323 630 353 sera
646 307 722 355 futura
740 310 822 363 auxilia

150 380 232 419 erunt..
258 371 356 433 Ligures
369 379 460 433 postero
472 371 508 417 die
518 372 546 418 ad
556 380 629 418 castra
640 374 739 419 redeunt.
774 375 820 421 ΛΕ·

144 438 233 490 milius,
250 451 302 483 cum
313 444 336 482 et
346 443 454 481 venturos
465 437 550 489 scisset,
566 443 590 481 et
604 436 697 483 educere
711 438 734 483 in
749 440 819 485 aciem

144 503 267 563 potuisset,
279 500 338 547 intra
347 501 431 563 uallum
442 516 495 547 suos
505 499 584 553 tenuit,
601 507 626 546 ut
636 502 762 548 extraheret
772 519 819 549 rem

144 568 175 613 ,in
183 567 206 612 id
216 574 311 627 tempus,
324 580 369 625 quo
379 564 471 611 Baebius
482 580 534 610 cum
544 565 644 611 exercitu
652 566 751 613 venires
762 566 821 614 Pisis

180 636 234 677 sset.

142 647 282 741 -POXXVL
301 693 385 740 Romae
394 708 500 754 magnam
511 694 679 755 trepidationem
686 694 757 741 literae
765 695 820 744 Βω-

141 759 180 806 -bii
198 758 317 815 fecerunt3
340 774 367 804 eo
387 759 501 819 mojorem,
524 758 585 818 quod
602 774 685 818 paucos
703 766 755 820 post
773 761 820 808 dies

145 823 281 875 Marcellus,
300 822 380 869 tradito
391 821 491 869 exercitu
505 821 582 875 Fabio,
601 822 699 869 Romam
714 840 764 870 cum
780 842 820 872 ve-

147 889 227 942 nisset,
244 902 306 947 spem
317 886 406 940 ademit,
422 902 482 939 eum,
498 888 570 946 quiin
584 886 658 933 Gallia
671 896 737 942 esset,
755 904 819 936 exer-

142 952 220 1001 ¹citum
238 952 263 997 in
283 951 380 1012 Ligures
399 952 484 997 traduci
502 966 575 1011 posse,
597 952 649 1011 quia
667 953 748 999 bellum
767 970 818 1001 cum

142 1015 216 1063 -Isbis
222 1023 289 1069 esset,
301 1016 465 1077 prohibentibus
474 1016 584 1061 coloniam
592 1016 717 1076 Aquileiam
726 1018 816 1066 deduci:

147 1080 319 1193 Zpopppseotum
334 1078 526 1189 lippiumgtneque
541 1080 698 1190 hillenmgoedi’
715 1084 819 1192 betplplin-

139 1179 144 1186 .
231 1159 323 1205 ,posse
377 1159 412 1197 na,
458 1158 543 1206 earpss
608 1160 641 1196 or,
652 1160 720 1204 quam
792 1162 819 1194 us

146 1210 282 1271 postulabat,
299 1208 388 1255 subsidii
399 1223 449 1270 spes
460 1216 514 1262 erat,
527 1210 545 1254 si
556 1209 659 1254 consules
670 1163 819 1258 maturdssllnt

146 1276 173 1321 in
191 1273 329 1335 provinciam
345 1274 384 1319 ire.
420 1271 448 1318 Id
464 1280 489 1319 ut
504 1272 609 1325 iacerent,
628 1289 669 1334 pro
686 1287 711 1320 se
725 1276 818 1335 quisque

141 1338 252 1385 -Patrum
262 1336 391 1384 vociferari:
416 1337 525 1390 consules,
546 1338 588 1383 nisi
604 1337 706 1383 confecto
722 1338 816 1394 delectu,

148 1418 233 1465 negare
245 1417 269 1447 se
278 1402 361 1463 ituros,
370 1416 411 1447 nec
422 1416 485 1449 suam
496 1402 621 1463 segnitiem,
634 1401 673 1447 sed
683 1401 729 1448 vim
737 1405 816 1458 morbi,

146 1468 172 1513 in
187 1464 255 1513 causi
269 1481 325 1520 esse,
343 1481 388 1526 quo
404 1466 473 1512 serius
487 1465 635 1527 perficeretur.
670 1465 726 1512 Non
742 1473 817 1513 tamen

147 1538 271 1594 potuerunt
281 1530 390 1577 sustinere
400 1544 534 1577 consensum
545 1528 643 1583 senntds
657 1531 711 1590 quin
721 1531 818 1592 paludati

145 1597 244 1649 exirent,
256 1602 280 1641 et
290 1596 401 1648 militibus,
415 1610 471 1656 quos
483 1596 620 1656 conscriptos
631 1596 742 1649 baberent,
758 1596 817 1642 diem

145 1662 267 1713 edicerent,
288 1675 332 1720 quo
350 1658 414 1706 Pisas
431 1660 582 1706 convenirent.
617 1657 762 1713 Permissum,
783 1668 815 1714 ut,

145 1724 193 1787 qud
202 1726 268 1777 irent,
281 1724 382 1785 protinus
393 1724 509 1771 subitarios
519 1724 600 1770 milites
611 1723 737 1779 scriberent,
749 1724 817 1771 duoe-
910 1763 912 1770 .

144 1797 241 1850 rentque
252 1804 334 1835 secum.
356 1789 390 1835 Et
399 1789 538 1851 praetoribus,
552 1787 584 1842 Q.
595 1787 684 1835 Petillio
694 1796 718 1836 et
729 1788 762 1843 Q.
771 1788 817 1836 Fa·

144 1857 191 1908 bio,
206 1856 337 1915 imperatum
348 1860 389 1907 est,
406 1860 431 1899 ut
442 1852 545 1899 Petillios
554 1852 609 1899 duas
618 1853 719 1915 legiones
733 1853 816 1901 civium

143 1920 304 1969 Romanorum
315 1918 468 1965 tumultuarias
480 1915 590 1970 scriberet,
602 1924 626 1963 et
633 1933 711 1964 ornnes
718 1918 817 1964 minores

142 1983 308 2045 quinquaginta
326 1982 390 2029 suuis
409 1988 546 2029 sacramento
565 1989 670 2043 rogaret3
692 1980 771 2034 Fabio,
792 1988 818 2027 ut

143 2050 215 2097 sociis
226 2045 302 2094 Latini
313 2047 408 2093 nominis
416 2046 542 2108 quindecim
550 2046 732 2107 millispeditum,
745 2045 817 2091 octin-

143 2112 333 2175 gentos'equites,
349 2113 474 2173 imperaret.
508 2108 631 2157 Duuuiviri
645 2109 735 2156 navales
749 2110 817 2156 creati

142 2176 179 2227 C·
192 2178 308 2225 Matienus
326 2184 350 2223 et
369 2174 397 2225 C.
411 2174 539 2229 Lucretius,
558 2189 671 2235 navesque
688 2174 715 2220 iis
731 2180 817 2222 omntae

146 2249 215 2299 suut3
232 2242 386 2302 Matienoque,
402 2243 466 2303 cujus
479 2241 507 2287 sd
519 2239 631 2286 Gallicum
642 2240 715 2285 sinum
725 2240 817 2301 provin-

143 2308 182 2357 cia
199 2314 254 2360 erat,
274 2308 406 2369 imperatum
424 2314 466 2360 est,
487 2311 513 2351 ut
530 2305 623 2350 classem
639 2305 712 2365 primo
728 2319 817 2365 quoque

142 2380 248 2433 tempore
259 2372 349 2419 duceret
358 2372 382 2417 in
394 2370 506 2433 Ligurum
517 2384 579 2415 oram
591 2369 609 2414 si
623 2366 691 2432 [quo]
707 2368 757 2414 usui
767 2384 818 2416 esse

144 2436 178 2491 L.
187 2436 281 2483 AErnilio
292 2442 359 2497 atque
370 2437 418 2497 ejus
429 2434 536 2482 exercitui
545 2440 637 2495 posset..

146 2544 150 2553 ,
180 2500 292 2547 XXVII.
310 2501 425 2553 AEmilius,
441 2506 559 2560 postquam
570 2498 626 2543 nibil
635 2511 730 2557 usquam
741 2497 818 2550 auxilii

142 2566 311 2620 ostendebatur,
329 2566 463 2625 interceptos
480 2563 573 2609 credens
588 2561 681 2621 equites,
699 2574 745 2605 non
759 2561 818 2631 ultra

140 2630 291 2681 differendum
302 2626 370 2685 istus,
383 2630 436 2690 quin
447 2639 487 2690 per
498 2642 525 2690 se
533 2626 647 2672 fortunam
657 2630 760 2676 tentaret,
771 2634 818 2683 pn-

177 2706 229 2741 ror..
242 2708 264 2740 v·
577 2704 587 2734 1
