1892 2909
245 104 275 155 ι.
289 104 377 155 mvn
393 104 445 154 na
459 79 554 153 ιιιιι.
565 104 634 156 ιιι.
647 94 686 153 ιο.
752 109 801 155 ιιι

119 242 124 248 ’
136 226 189 284 cide
194 235 295 300 proiecti,
305 227 380 285 'tritus
397 224 590 299 quinqueremibus
601 235 687 283 Delum
698 250 749 283 cum
760 239 800 283 ιιι

136 302 229 354 nissent,
241 302 326 347 lembos
336 302 365 346 ibi
373 300 525 347 Macedonum
536 300 689 361 quadraginta,
701 308 724 347 et
734 300 800 362 quin-

95 407 97 410 .
135 381 180 427 que
190 366 249 429 regis
257 366 367 412 Eumenis
375 366 544 425 quinqueremes
555 365 694 411 invenerunt
730 366 801 413 sanc-

136 430 188 477 titas
207 439 268 492 temp
267 431 283 476 li
300 430 424 488 insulaeque
441 429 560 475 inviolatos
578 430 696 489 praestabat
713 444 798 479 omnes.

60 516 66 532 ι
136 492 285 557 Itaqueperm
286 495 327 540 ixti
335 493 478 554 Romanique
485 500 508 540 et
514 492 651 539 Macedones
659 500 682 539 et
690 492 800 540 Eumenis

131 511 285 606 'navalesperm
244 560 298 605 socii
312 559 336 604 iu
351 558 442 620 templo,
458 557 558 604 inducias
572 556 680 618 religione
689 557 732 603 loci
743 573 801 619 prae-
854 597 857 607 ,

137 623 209 676 bente,
221 625 371 671 versabantur.
402 623 513 675 Antenor,
526 620 739 683 Perseipraefectus,
749 637 801 668 cum
888 648 892 655 ·

137 687 221 747 aliquas
235 688 280 735 alto
290 686 389 755 praeferri
399 687 510 734 onerarias
526 701 595 733 naves
611 700 640 731 ex
651 686 773 748 speculis
756 702 803 747 sig-

137 750 251 799 nificatum
261 752 325 805 foret,
338 749 400 813 parte
409 752 552 797 lemborum
546 766 594 812 ipse
604 752 730 811 insequens,
742 757 805 812 purte

72 811 78 820 '
137 831 178 878 per
189 814 300 877 Cyclades
311 812 423 879 dispositi,
435 821 582 877 praeterquam
598 814 617 861 si
631 830 682 875 quae
693 814 802 861 Macedo-

137 880 198 927 niam
208 887 316 941 peterent,
328 891 406 926 omnes
416 887 455 926 aut
468 880 624 941 supprimebat,
642 887 681 927 eut
697 880 803 941 spoliabat

136 959 219 991 naves·
233 945 312 1004 quibus
323 941 441 1007 [poterat]
452 943 561 1005 Popillius
572 950 610 990 aut
617 944 726 991 Eumenis
734 958 809 1001 naves:

138 1005 292 1071 [ιιιιιιιιιώιι
299 1006 319 1071 z]
331 1008 370 1054 sed
377 1008 435 1053 vecti
443 1016 510 1053 nocte
519 1008 576 1055 binis
582 1015 620 1055 aut
628 1008 696 1054 ternis
704 1009 801 1069 plerum-

137 1088 182 1135 que
192 1073 270 1119 lembis
280 1071 418 1121 Macedones
427 1071 538 1118 fallebant
574 1070 619 1118 Per
627 1072 649 1117 id
657 1072 704 1119 fere
714 1080 802 1134 tempus

136 1138 207 1199 legati
218 1136 355 1183 Macedones
367 1134 481 1197 Illyriique
493 1136 558 1182 simul
568 1135 675 1183 Rhodum
684 1144 801 1190 venerunt,

137 1202 218 1263 quibus
228 1202 381 1248 auctoritatem
397 1200 480 1247 addidit
496 1214 541 1247 non
552 1201 675 1246 lemborum
686 1201 753 1246 modo
764 1201 803 1247 ad-

129 1270 226 1320 ventus,
237 1267 319 1329 passim
336 1281 383 1328 per
380 1263 502 1326 Cycladas
516 1272 582 1325 atque
592 1264 701 1326 AEgaeum
717 1278 803 1327 vagan-

136 1332 193 1377 tium
205 1345 273 1384 mare,
290 1330 329 1377 sed
345 1330 412 1377 etiam
426 1330 555 1392 conjunctio
573 1330 621 1390 ipsa
634 1344 713 1390 regum
725 1328 803 1376 Persei

138 1395 268 1455 Gentiique,
280 1402 304 1441 et
313 1394 373 1441 fama
380 1408 432 1439 curn
439 1408 524 1456 magno
532 1408 626 1440 numero
634 1393 732 1455 pediturn
740 1394 803 1453 cqui-

129 1465 232 1520 ‘tumque
248 1459 385 1505 venientium
402 1459 528 1505 Gallorum.
564 1458 613 1505 Et'
603 1473 651 1534 Jam
665 1472 716 1503 curn
727 1472 802 1504 acces-

127 1524 221 1569 sissent
230 1524 299 1570 animi
290 1522 392 1569 Dinoni
400 1538 426 1569 ac
435 1522 563 1584 Polyarato,
576 1538 614 1582 qur
607 1522 699 1569 Persei
707 1522 802 1583 partium

128 1597 210 1641 ἰιιιιιι,
222 1602 268 1634 non
278 1588 375 1663 benigne
386 1588 454 1633 modo
464 1602 595 1650 responsum
610 1588 699 1649 regibus
709 1593 750 1639 est,
764 1588 803 1633 sed

127 1653 216 1729 palam
225 1653 427 1714 pronuntiatum,⁴
429 1652 502 1699 ‘bello
512 1652 580 1697 finem
589 1667 614 1698 se
624 1651 754 1697 auctoritate
763 1650 803 1699 sud

136 1716 283 1827 hrqrbpqptpros
290 1717 446 1829 esseqditaque
455 1718 498 1779 ipsi
509 1730 670 1828 quoqppnqeges
680 1731 756 1777 aequos
764 1716 803 1763 ad·

128 1790 133 1798 '
213 1796 227 1827 n
248 1797 334 1828 ammos
470 1796 515 1827 acer
540 1795 567 1827 en

169 1844 254 1893 XXX.
272 1845 326 1894 Jam
335 1797 539 1908 veaiaplirluptuil
548 1852 602 1899 erat,
620 1846 716 1907 novique
734 1845 802 1892 duces

135 1910 159 1957 in
170 1910 308 1986 provinciam
318 1918 440 1969 venerant;
456 1911 535 1956 consul
546 1909 668 1957 AEmilius'
662 1925 685 1955 m
694 1910 802 1956 Macedo-

136 1976 205 2030 niam,
214 1965 326 2022 Octavius
336 1973 422 2021 Oreum
432 1975 461 2020 ad
471 1975 572 2028 classem,
585 1974 698 2020 Anicius'
692 1989 715 2019 ιιι
727 1972 803 2033 Illyri-

137 2054 196 2091 cum,
209 2055 245 2085 cur
238 2039 381 2086 'bellandum
392 2038 498 2086 adversus
510 2038 626 2085 Gentium·
654 2036 722 2084 Patre
733 2036 802 2085 Pleu-

137 2104 187 2149 rat'c
195 2119 257 2213 raph
234 2103 384 2164 elllyriorum
392 2110 493 2149 etmatre
499 2099 613 2163 Eurydica
618 2102 715 2163 gemtus,
723 2100 803 2149 fratres

137 2167 201 2221 duos,
257 2176 327 2214 torem
339 2174 433 2228 utroque
443 2175 541 2229 parente
557 2165 714 2215 Caravantium
731 2173 803 2213 matre

138 2230 216 2279 eadem
227 2238 311 2285 natum,
322 2232 405 2278 habuit.
433 2230 488 2278 Hoc
495 2238 586 2293 propter
595 2231 802 2293 ignobrhtatempa-

134 2304 225 2342 temam
240 2296 314 2361 minus
332 2305 442 2359 suspecto,
463 2295 577 2343 Platorem
597 2295 684 2348 occidit,
705 2302 728 2341 et
747 2296 803 2341 duos
877 2313 886 2329 ·

138 2360 222 2406 amicos
232 2356 288 2421 ejus,
300 2360 410 2407 Ettritum
427 2368 450 2408 et
461 2360 500 2422 Ep
499 2360 617 2412 icsdum,
611 2359 718 2421 impigros
733 2358 801 2413 diros,

137 2440 183 2486 quo
194 2424 264 2470 tutius
279 2433 389 2499 regnaret.
425 2424 556 2478 Famaiuit,
572 2423 668 2471 Honuni
683 2423 802 2470 Dardano-

137 2504 188 2535 rum
196 2488 301 2551 principia
308 2488 375 2536 tiliam
384 2488 478 2536 Etutam
486 2496 552 2551 pacto
559 2488 623 2535 fratri
631 2504 682 2535 eum
690 2488 802 2541 invidisse,
857 2511 860 2517 ·

127 2563 252 2615 ‘tamquam
263 2554 298 2599 his
306 2554 388 2616 nuptiis
395 2554 525 2617 adjungenti
534 2554 574 2600 sibi
581 2552 738 2601 Dardanorum
747 2566 804 2613 gen-

127 2626 197 2667 den:
217 2626 241 2665 et
251 2618 343 2665 similius
353 2618 376 2665 id
385 2634 441 2666 vero
450 2618 504 2667 iecit
515 2618 581 2666 ducta
592 2634 618 2665 ea
628 2618 710 2681 virgo,
706 2616 804 2665 Platore
831 2679 835 2686 Ι
