1892 2909
152 81 207 167 qe
273 98 302 147 r.
317 96 404 150 arun
421 96 474 147 us
488 95 558 147 xm.
569 68 637 149 ‘cre
653 102 693 147 ιτ,

149 228 283 275 Lanuvinus
291 235 393 291 precatus
404 214 449 275 niu
459 235 514 282 erat,
528 229 633 290 “populo
642 228 749 276 Romano
757 228 820 283 Qui-

150 292 251 347 ritium,‘’
268 294 369 356 religioni
380 292 429 341 fuit.
466 292 494 339 ld
504 308 555 340 cum
566 294 594 339 ad
609 294 815 341 senatum-relatum

149 364 216 411 esset,
232 366 366 419 senatusque
374 359 403 405 ad
414 357 543 420 pontificum
554 357 674 419 collegium
688 358 817 420 scisciam

149 422 296 483 pontificibus,
309 424 360 484 quia
375 438 420 470 non
436 431 497 469 recte
510 422 577 469 factae
587 421 677 469 Latinae
687 430 769 475 esseut
781 422 819 467 in-

151 488 254 534 stauratis
273 486 368 541 Latinis,
385 488 468 549 placuit
484 486 622 540 morinos,
640 502 735 548 quorum
750 484 818 547 speri

98 585 102 595 .
151 551 279 599 instaurata
296 559 377 605 essent,
398 553 482 598 hostias
497 553 603 614 praebere.
642 551 776 599 Accesserat
789 550 818 598 ad

151 616 289 678 religionem,
299 617 358 676 quod
367 614 411 663 Cn.
423 614 542 664 Cornelius
549 616 635 670 consul,
647 631 677 662 ex
686 623 764 662 monte
774 616 820 663 Ai-

150 681 208 727 bano
220 682 313 734 rediens,
325 680 436 737 concidit;
453 688 484 734 et,
497 689 561 742 parte
570 681 720 727 membrorum
731 687 818 741 ceptus,

147 746 179 791 -ad
191 744 269 805 Aquas
283 744 396 792 Cumanas
411 745 530 807 profectus,
546 745 717 807 ingravescente
730 746 817 797 morbo,

152 808 233 857 Cumis
244 809 344 856 decessit
380 810 426 856 Sed
442 809 494 857 inde
508 817 611 856 mortuus
621 809 719 857 Romam
730 809 817 862 allatus,

152 880 175 920 et
185 872 263 919 funere
271 872 390 936 magnifico
400 874 471 921 clatus
482 875 626 935 sepultusque
636 882 678 921 est.
712 872 820 920 Pontifex

152 939 210 984 idem
224 937 304 985 fuerat.
340 936 427 986 Consul
439 938 471 993 Q,
486 938 594 993 Petillios,
606 954 658 985 cum
671 938 767 999 primum
777 953 819 999 per

152 1003 249 1064 auspicia
264 1010 347 1064 posset,
365 1004 459 1066 collegae
474 1003 616 1065 subrogando
633 1003 723 1050 comitis
738 1003 821 1049 babere

119 1124 123 1128 ,
147 1069 232 1131 Jussus,
242 1065 365 1115 etLatinas
373 1068 466 1122 edicere,
476 1068 566 1115 comitia
571 1068 594 1114 in
603 1076 655 1115 aute
662 1068 721 1114 dian
728 1067 819 1115 testitum

152 1147 224 1179 nonas
246 1132 349 1187 Sextiles,
368 1132 460 1180 Latinas
475 1134 499 1178 in
513 1140 566 1179 ante
582 1133 640 1179 dean
661 1133 752 1179 testim
768 1131 820 1179 idua

136 1198 250 1245 ‘Sextiles
264 1198 340 1243 edixit.
375 1197 452 1245 Pleuis
468 1197 602 1259 religionum
618 1196 704 1249 animis,
718 1194 822 1258 prodigis

152 1264 243 1324 insuper
251 1263 362 1309 nuntiata:
381 1262 475 1309 Tusculi
484 1261 556 1308 sacen
567 1262 590 1307 in
601 1262 660 1308 coelo
669 1261 751 1307 visam:
769 1260 821 1307 Ga.

152 1328 194 1374 biis
202 1326 273 1373 aedem
279 1326 391 1389 Apollinis
401 1334 425 1374 et
434 1327 521 1389 privata
528 1326 746 1388 aediliciacomplura,
759 1325 822 1374 Gra·

152 1392 221 1439 sisois
233 1407 322 1438 murum
334 1398 470 1461 portamque,
481 1392 510 1438 de
521 1392 580 1438 coelo
590 1398 656 1437 tacta.
690 1390 729 1437 Ea
740 1388 821 1437 Patres

152 1457 272 1519 procurari,
285 1458 317 1502 uti
327 1456 442 1519 pontifices
453 1457 598 1509 censuissent,
606 1455 733 1518 jussemnt.
754 1453 821 1501 Dum

153 1522 257 1569 consules
270 1522 367 1583 primum
381 1521 420 1567 reli
438 1522 507 1575 'ones
527 1521 607 1567 deinde
622 1520 715 1566 alterum
729 1518 823 1567 alterius

153 1601 222 1639 mors,
234 1592 258 1631 et
272 1585 368 1638 comitia,
380 1592 403 1631 et
450 1585 546 1631 tinarum
562 1584 733 1631 instaurationes
748 1584 820 1645 impa-

152 1651 224 1703 diunt,
245 1650 333 1695 interim
352 1648 381 1697 C.
399 1649 508 1698 Claudius
518 1650 640 1695 mesenum
657 1648 820 1701 deutiusru.

153 1729 222 1775 quam
231 1711 328 1775 Ligures
336 1714 410 1775 priore
417 1729 477 1761 anno
487 1721 598 1775 ceperant,
607 1714 714 1760 admovi.
733 1710 821 1777 [Aule]

154 1778 252 1824 triduum
264 1793 330 1838 quam
346 1794 476 1841 oppugnare
485 1786 590 1840 coeperst,
607 1785 718 1839 receptam
727 1792 758 1824 ex
767 1779 822 1826 hos-

153 1843 213 1889 tibus
222 1842 306 1889 colonis
318 1844 420 1889 restituit.
455 1843 515 1890 Octo
526 1844 595 1890 millia
603 1843 633 1888 ibi
644 1842 755 1904 Ligurum
762 1841 826 1890 intra

152 1922 231 1954 muros
252 1922 325 1964 caesa3
342 1908 456 1968 literaeque
473 1908 572 1955 Romam
593 1908 705 1970 extemplo
723 1905 822 1968 scnptae,

153 1972 233 2033 quibus
240 1986 285 2018 non
292 1972 359 2019 modo
366 1988 413 2019 rem
420 1980 548 2034 exponeret,
558 1972 669 2019 sedetiam
680 1970 822 2033 gloriaretur,

155 2036 196 2085 sui
203 2038 285 2084 virtute
291 2052 317 2084 ac
325 2038 429 2085 felicitate
436 2036 602 2099 neminemjam
610 2037 642 2083 cis
652 2036 724 2097 Alpes
734 2035 823 2082 bostem

154 2103 230 2164 populi
241 2102 354 2161 Romani3
366 2103 457 2165 agrique
465 2102 601 2162 almuantum
612 2111 709 2162 captum,
717 2100 755 2161 qui
763 2101 825 2147 mul·

151 2168 185 2214 tis
196 2166 292 2213 millibus
303 2168 418 2214 hominum
429 2166 497 2213 dividi
507 2166 588 2213 viritim
599 2172 683 2227 posset.

190 2228 274 2277 XVII.
293 2230 327 2277 Et
336 2230 373 2278 Ti.
388 2231 533 2292 Sempronius
540 2231 618 2277 eodem
626 2229 758 2291 temporeis
769 2229 823 2277 Sar·

153 2292 215 2341 diuisi
222 2295 298 2341 multis
307 2296 408 2341 secundis
414 2295 499 2356 proeliis
507 2294 726 2356 Sardosperdomuit.
747 2293 824 2347 Quiu-

152 2359 228 2405 decim
244 2358 312 2405 millia
327 2360 425 2406 hostium
442 2366 496 2405 sunt
510 2375 581 2406 caesa:
607 2373 685 2405 omnes
701 2357 824 2408 sudorum

152 2422 239 2484 populi,
256 2423 293 2483 qui
308 2423 439 2477 defecerant,
457 2424 482 2470 in
492 2424 598 2471 ditiorum
609 2423 699 2471 redacti·
733 2423 823 2484 Stipes·

156 2486 230 2533 diariis
240 2488 352 2535 veteribus
359 2488 441 2550 duplex
450 2488 548 2550 vectigal
557 2489 697 2551 imperatum,
708 2494 825 2536 exactum

151 2566 201 2611 que
207 2568 216 2609 ;
230 2554 307 2599 caeteri
316 2552 453 2600 frumentum
464 2554 614 2601 contulerrmt.
640 2552 723 2600 Paesti
731 2553 824 2614 provin

125 2614 127 2627 '
153 2614 201 2671 ciis
216 2616 371 2679 obsidibusque
386 2632 414 2664 ex
430 2616 479 2665 toti
489 2616 562 2665 inauli
571 2618 674 2667 ducentis
683 2618 776 2679 triginta
785 2630 827 2667 se·
