1892 2909
145 138 197 183 980
231 170 236 174 .
263 132 294 180 Τ.
307 128 397 179 leu
413 128 467 177 Iun.
482 126 579 177 XLIII.
599 126 658 178 Car.
673 128 696 175 5.

146 263 172 310 in
190 259 341 309 Hortensium
363 273 514 308 successorem
536 260 584 322 ejus
605 257 722 306 Abderites
741 259 820 323 legeti,

102 361 107 368 .
146 327 227 374 flentes
241 333 295 373 ente
307 326 400 380 curiam,
417 332 587 386 querentesque,
606 324 739 385 “oppidum
754 340 822 371 suurn

146 394 175 440 ab
186 390 312 439 Hortensio
320 398 473 454 expugnatum
484 406 510 437 eo
521 389 630 451 direptum
639 405 696 435 esse.
723 387 823 437 Causam

147 457 316 504 exscidiiluisse
323 458 379 510 urbi,
391 456 458 517 quod,
470 470 521 501 curn
531 462 620 502 centum
628 455 698 501 millia
706 454 824 501 denarium

148 528 173 569 et
182 522 250 569 tritici
265 522 425 584 quinquaginta
435 521 505 567 millia
518 520 617 567 modium
629 521 754 581 imperaret,
772 534 825 582 spa-

148 588 205 634 tium
222 588 341 649 petierunt,
359 602 404 647 quo
420 586 448 632 de
464 584 492 632 ei
508 601 533 632 re
548 592 572 631 et
586 585 614 631 sd
625 584 750 631 Hostilium
767 600 824 631 con-

149 654 228 705 sulem,
251 659 275 699 et
292 653 399 706 Romam,
415 651 531 697 mitterent
545 651 641 712 lqstos.
676 649 777 695 Vixdum
794 650 825 697 ad

148 718 264 764 consulem
276 732 300 763 se
309 718 444 778 pervenisse,
456 723 480 762 et
490 716 578 763 audisse
589 715 694 777 oppidum
705 730 824 777 expugne-
881 714 883 717 ’

149 790 207 836 tum,
224 782 334 843 principes
348 782 421 827 securi
435 796 560 842 percussos,
579 782 619 827 sub
634 778 718 827 coroni
728 788 825 827 ceteros

66 840 77 863 ’
149 844 266 894 venissest
300 844 398 906 Indigna
408 846 495 892 senatui
505 848 565 892 risa:
585 846 826 905 decreveruntqueea-

150 911 202 957 dem
221 911 249 957 de
267 910 388 964 Abderitis,
414 926 467 970 quae
489 910 517 956 de
539 908 657 958 Coronaeis
679 910 826 957 decreverant

150 976 225 1038 priore
235 990 295 1021 anno
301 992 309 1033 ;
321 975 443 1035 eademqne
452 990 494 1036 pro
504 977 613 1022 concione
623 974 709 1022 edicere
717 974 750 1029 Q,
761 974 825 1022 Me-

150 1040 214 1087 uium
228 1048 347 1102 praetorem
357 1042 480 1103 jusserunt.
516 1040 549 1087 Et
563 1041 632 1103 legati
647 1041 699 1094 duo,
718 1038 746 1088 C.
759 1040 827 1087 Sern-

150 1106 243 1168 pronius
257 1105 356 1159 Blaesus,
375 1105 428 1152 Sex.
441 1104 517 1153 Julius
529 1102 614 1158 Caesar,
632 1106 660 1151 ad
676 1105 826 1153 restituendos

151 1172 176 1217 in
186 1170 439 1218 libertatemAbderitas
449 1170 520 1215 missi.
555 1167 639 1215 Iisdem
650 1170 786 1223 mandatum,
800 1177 827 1217 ut

152 1243 177 1283 et
191 1236 293 1283 Hostilio
306 1236 392 1282 consuli
409 1242 432 1281 et
446 1233 572 1280 Hortensio
587 1235 678 1296 praetori
689 1236 826 1290 nuntiarunt,

153 1309 257 1348 senatum
272 1300 385 1348 Abderitis
399 1300 507 1363 injustum
520 1300 602 1345 bellurn
619 1300 714 1353 illatum,
732 1300 827 1361 conqui-

153 1365 217 1426 rique
230 1380 315 1420 ournes,
333 1366 371 1427 qni
385 1366 409 1411 in
426 1365 533 1412 servitute
547 1366 599 1420 sint,
616 1372 640 1412 et
654 1365 741 1412 restitui
755 1366 779 1411 iu
797 1364 828 1413 li.

152 1432 269 1485 bertatem,
282 1446 372 1493 equum
383 1446 482 1478 censere.

187 1496 219 1543 V.
233 1496 431 1558 Eodemtempore
441 1496 468 1542 de
478 1493 507 1542 C.
519 1492 606 1550 Cassio,
618 1495 656 1557 qui
666 1496 746 1542 consul
752 1495 829 1559 priore

154 1576 214 1609 anno
221 1560 302 1615 fuerat,
314 1568 362 1608 turn
373 1562 475 1607 trrbunus
486 1561 582 1607 militum
592 1561 615 1605 in
628 1560 826 1609 Macedonicum

154 1627 187 1673 Δ.
199 1625 300 1673 Hostilio
310 1633 365 1679 erat,
382 1626 479 1687 querelae
489 1626 518 1672 nd
528 1632 630 1672 senatum
641 1626 720 1673 delutae
731 1634 791 1680 sunt,
803 1636 828 1675 et

153 1690 223 1751 legati
234 1691 294 1753 regis
306 1691 424 1738 Gallorum
433 1688 536 1738 OEncibrlr
545 1696 661 1737 venerunt.
689 1690 769 1739 Frater
779 1694 827 1756 ejus

154 1756 253 1801 verbain
265 1762 343 1801 senatu
352 1755 413 1809 fecit,
431 1762 530 1817 questus,
548 1756 682 1819 Alpinorum
693 1758 827 1819 populorum

155 1835 223 1881 agros
232 1820 343 1866 sociorum
352 1836 443 1867 suorum
452 1820 608 1883 depopulatum
619 1819 647 1869 C·
658 1820 761 1869 Cassium
770 1838 828 1878 esee,

155 1891 179 1931 et
187 1885 240 1931 iude
247 1885 318 1931 multa
325 1885 395 1933 millia
402 1887 518 1933 bominum
527 1886 551 1932 in
558 1887 688 1933 servitutem
696 1888 825 1949 abripuisse.

157 1950 205 1997 Sub
219 1950 242 1997 id
255 1957 344 2013 tempus
362 1948 489 1998 Carnorum
507 1949 663 2012 Istrorumqr're
677 1959 701 1999 et
718 1949 829 2013 Iapydum

155 2015 226 2078 legati
239 2022 362 2064 venerunt:
383 2022 399 2045 “
411 2016 491 2063 Duces
502 2016 542 2063 sibi
553 2018 580 2063 ab
590 2017 682 2066 consule
694 2014 774 2065 Cassio
785 2019 830 2080 pri-

156 2096 220 2127 mum
228 2082 355 2143 imperatos,
364 2082 434 2142 quiin
443 2081 601 2129 Macedoniam
609 2082 699 2129 ducenti
707 2084 830 2131 exercitum

156 2143 201 2192 iter
210 2154 373 2193 monstrarent:
392 2154 496 2209 pacatum
511 2148 538 2193 ab
552 2162 583 2201 se,
602 2154 715 2208 tamquam
729 2147 757 2193 ad
772 2148 831 2195 aliud

157 2210 240 2257 bellum
257 2212 388 2273 gerendum,
405 2213 489 2259 abisse:
508 2212 561 2259 inde
571 2226 600 2259 ex
614 2212 687 2259 medio
703 2228 830 2275 regressum

157 2274 238 2322 itinere
253 2276 364 2324 hostiliter
377 2275 508 2339 peregrisse
522 2276 578 2324 fines
593 2293 660 2324 suoss
679 2280 761 2339 passim
773 2279 831 2340 rapi-

54 2376 58 2383 .
159 2340 472 2401 nssqueetineendiafscta:
492 2343 829 2399 neosesdidlcccrumscire,

157 2411 250 2513 gunter
264 2420 330 2465 quam
346 2422 435 2454 osum
450 2408 537 2454 consuli
552 2423 593 2469 pro
606 2408 707 2455 hostibus
720 2406 834 2457 fuerint.”'

183 2469 280 2530 tregulc
289 2470 407 2517 Gallorum
415 2473 508 2526 absenti,
521 2478 544 2519 et
555 2473 590 2519 his
600 2472 688 2535 populis
699 2488 831 2535 responsum

158 2538 202 2584 &ts
221 2539 237 2562 ‘⁴
245 2532 353 2581 Senatum
364 2552 398 2590 es,
410 2536 532 2597 quaefacta
539 2545 666 2599 querantur,
679 2552 752 2599 neque
762 2535 832 2587 scisse

157 2594 241 2652 future,
259 2612 337 2660 neque,
356 2601 376 2647 si
395 2602 440 2649 sint
458 2602 524 2655 facts,
541 2602 642 2665 probare
679 2602 731 2656 Sed,
749 2602 833 2651 indicti

157 2659 226 2709 ausi
235 2662 336 2712 &mnan
344 2666 459 2714 sbsemeur
473 2666 614 2717 considerem
629 2666 710 2724 virum,
728 2668 834 2731 injurium
