1892 2909
183 96 188 107 '
233 108 503 161 norvrrnaxr.
522 110 638 162 ormo
738 118 772 162 so

14 226 15 265 ἶ
95 220 270 304 imperatorem
288 240 403 289 metunt:
424 256 469 303 quo
487 248 576 289 rentum
594 241 670 289 valent
687 246 794 305 genere*

14 582 16 685 l

96 321 194 369 pugnae,
210 312 243 360 ut,
261 305 399 368 quicumque
415 314 478 369 parte
491 303 606 369 pertarliere
621 308 706 369 impetu
721 321 770 361 suo,

98 371 207 418 matineri
222 378 341 432 nequeant.
375 370 441 417 Tunc
458 386 548 433 quoque
560 372 654 418 turbatae
670 372 772 434 legiones

98 443 162 489 sunt,
178 451 250 497 prope
268 436 389 497 interrupta
407 436 472 483 acies.
508 435 585 490 Quam
603 436 772 497 oepidafionen

99 502 138 547 ubi
149 499 247 547 Flaccus
257 501 380 562 conspexit,
397 516 454 561 equo
468 500 585 548 advehitur
600 500 628 547 ad
637 500 772 563 legionarios

99 564 201 625 equites:
222 572 252 619 et,
270 564 387 625 “Ecquid
405 566 481 611 auxilii
496 566 520 611 in
537 565 601 612 vobis
618 564 669 611 esti
686 566 771 611 Acmm

95 630 146 693 jam
162 630 192 675 de
205 630 249 676 boc
263 630 362 676 exercitu
376 629 419 677 erit
425 629 454 675 i’'
472 628 533 678 Cum
544 629 643 691 undique
651 627 772 676 ecolamia-

100 700 161 747 aeut,
186 700 202 723 “
213 694 268 754 quin
284 694 365 748 ederet,
383 694 435 756 quid
453 694 502 741 lieri
519 694 591 742 veliti
608 709 654 741 non
672 694 773 757 segniter

100 758 221 821 imperium
240 766 385 805 exsecuturos
391 757 416 816 ;”
439 766 454 791 ⁴⁴
466 758 588 821 Duplieate
605 758 716 813 turmas,’'
736 759 772 805 in-

101 824 158 884 quit,
178 830 194 852 ‘⁶
203 824 296 869 duarum
306 823 421 885 legionum
431 824 525 885 equites,
537 831 560 871 et
569 824 692 885 permittite
701 837 772 885 equos

101 888 125 933 in
142 902 240 935 cuneum
259 888 363 941 hostium,
381 902 425 949 quo
443 896 533 934 nostroe
549 895 637 951 urgent.
673 886 700 934 Id
719 904 772 935 cum

84 959 88 964 ’
101 954 189 1014 majore
198 953 222 999 ri
233 966 340 1013 equorum
349 950 442 1007 facietis,
460 953 479 999 ei
489 951 607 999 effrenatos
617 953 641 998 in
651 967 691 999 eoa
701 969 772 1014 equos

102 1016 237 1063 immittitis:
256 1017 316 1078 quod
330 1030 390 1078 saepe
400 1016 518 1063 Romanoa
531 1018 617 1077 equites
626 1032 678 1063 cum
689 1016 773 1079 magni

102 1080 168 1129 laude
185 1080 267 1127 fecisse
285 1077 331 1134 aui,
348 1082 462 1127 memorie
477 1081 589 1143 prodittmr
604 1081 667 1128 est.”
699 1081 772 1128 Dicto

14 1136 15 1163 ³
101 1153 233 1209 paruerunt,
249 1145 397 1205 detractisque
405 1145 474 1192 irenis
484 1146 518 1192 bis
528 1146 588 1193 arltro
597 1146 704 1207 citroque,
720 1161 772 1193 cum

102 1208 187 1273 magua
198 1210 384 1273 stragelaostium
396 1209 496 1257 infractis
502 1209 687 1263 ommbusbaetia,
698 1217 773 1256 bans·

101 1281 228 1322 currerunt.
262 1274 379 1337 Dissipato
388 1288 468 1329 cuneo,
486 1276 510 1320 in
520 1290 566 1335 quo
575 1274 649 1321 omnia
663 1288 713 1335 spes
723 1273 773 1321 lue-

59 1386 64 1409 ,
103 1346 144 1394 rat,
157 1338 265 1388 Celtiberi
275 1339 390 1401 trepidare,
399 1346 429 1393 et,
438 1354 508 1401 prope
515 1336 688 1401 omissipupni,
697 1338 772 1385 locum

102 1402 166 1467 fugae
175 1404 353 1469 circumspicere.
377 1402 411 1451 Et
420 1404 482 1451 alarii
489 1404 582 1465 equites,
593 1410 711 1465 postquam
722 1403 773 1449 Ro-

103 1484 227 1516 manorum
233 1469 331 1529 equiturn
342 1476 387 1516 tam
398 1469 541 1517 memorabile
549 1468 635 1515 famum
648 1463 732 1520 videre,
750 1474 774 1514 et

103 1534 152 1595 ipsi,
174 1533 259 1581 virtute
277 1548 354 1581 eorum
372 1534 467 1587 accensi,
487 1533 535 1579 eine
553 1532 620 1579 ulline
637 1531 731 1592 imperio
748 1531 774 1578 in

102 1598 244 1661 perturbatos
250 1599 299 1660 jam
308 1598 385 1646 hostes
395 1613 465 1660 equos
474 1597 606 1644 immittamt.
639 1595 707 1643 Tunc
717 1611 772 1643 vero

105 1661 212 1724 Celtiberi
227 1678 305 1709 omnes
315 1662 338 1709 in
348 1662 427 1724 iugem
439 1661 599 1719 effundunbrr3
615 1667 639 1708 et
653 1661 774 1722 imperator

104 1726 230 1780 Romanus,
247 1742 337 1774 aversos
350 1728 426 1774 hostes
440 1726 610 1788 contemplatus,
627 1725 698 1773 aerlem
714 1724 773 1773 For·

104 1786 166 1838 binae
177 1791 291 1851 Equestri
303 1791 400 1854 Jovique
410 1792 503 1853 Optimo
514 1791 618 1838 Maximo
626 1791 692 1838 ludos
699 1792 770 1839 vovit.

106 1851 232 1905 ceduntur
247 1854 351 1904 Celtiberi
365 1872 404 1918 per
418 1854 492 1903 totum
503 1856 583 1903 saltum
592 1856 693 1917 dissipati
705 1853 769 1917 flagi„

106 1920 194 1968 Decem
205 1927 228 1967 et
239 1928 323 1981 septem
337 1922 405 1969 millia
418 1922 517 1967 bostium
527 1936 587 1967 caesa
596 1926 624 1968 eb
635 1921 671 1967 die
680 1920 773 1966 tradun-

106 1990 154 2033 oe:
173 1985 221 2031 vivi
235 1987 293 2047 capti
307 1986 357 2049 plus
371 1992 466 2046 quatuor
479 1985 555 2038 millia,
572 1984 674 2032 (lucentis
684 1990 773 2043 ambra·

106 2046 168 2112 ginta
178 2056 262 2111 septem
274 2065 325 2097 cum
336 2051 406 2113 signis
414 2050 552 2103 militanbus,
564 2050 627 2109 equis
635 2062 704 2110 prope
710 2047 773 2094 mille

108 2121 202 2161 centum.
223 2114 298 2161 Nullis
309 2116 387 2162 caetris
396 2130 424 2161 eo
434 2114 470 2161 die
479 2116 552 2161 victor
559 2114 673 2160 exereitus
680 2111 771 2158 mansit.

108 2176 208 2226 Victoria
222 2193 267 2225 non
283 2178 331 2227 sine
336 2177 425 2242 jacturis
434 2180 531 2225 militum
541 2177 598 2225 fuitz
617 2176 774 2239 quadringenti

108 2244 247 2305 septuaginta
264 2244 308 2290 duo
327 2244 408 2290 milites
423 2243 530 2298 Romani,
547 2242 633 2289 aociilm
651 2256 678 2289 ac
696 2240 773 2287 Latini

108 2308 202 2355 nominis
219 2308 280 2353 mrlle
294 2308 371 2355 decem
386 2314 409 2355 et
423 2323 513 2362 novem,
530 2322 582 2353 cum
596 2307 632 2353 his
648 2306 691 2354 tria
704 2306 774 2353 millia

108 2372 200 2419 militum
220 2372 392 2429 auxiliariorum,
409 2373 528 2435 perierunt.
564 2370 601 2419 Ite
618 2371 692 2418 victor
709 2385 775 2418 exer-

108 2437 169 2491 dms,
187 2435 294 2484 renovati
311 2438 385 2499 priore
402 2436 482 2499 glutiri,
498 2436 650 2483 Tarraconem
668 2442 704 2484 est
721 2451 773 2497 per-

107 2501 192 2549 ductus·
219 2502 327 2549 Venienti
339 2500 421 2550 Fulvio
431 2501 469 2548 Τί.
481 2501 626 2562 Sempronius
633 2507 723 2562 praetor,
735 2499 774 2559 qui

107 2566 170 2615 biduo
181 2574 233 2615 ante
246 2574 345 2621 venerat,
362 2566 450 2614 obviem
466 2565 588 2627 processit;
604 2564 775 2626 gratulatusque

108 2630 619 2693 etquodrempublieamegregiegwieet
639 2626 774 2678 (lumm-
