<?xml version="1.0" encoding="UTF-8"?>
<!DOCTYPE html PUBLIC "-//W3C//DTD XHTML 1.0 Transitional//EN"
    "http://www.w3.org/TR/xhtml1/DTD/xhtml1-transitional.dtd">
<html xmlns="http://www.w3.org/1999/xhtml" xml:lang="en" lang="en">
 <head>
  <title>
</title>
<meta http-equiv="Content-Type" content="text/html;charset=utf-8" />
  <meta name='ocr-system' content='tesseract 3.04.00' />
  <meta name='ocr-capabilities' content='ocr_page ocr_carea ocr_par ocr_line ocrx_word'/>
</head>
<body>
  <div class='ocr_page' id='page_1' title='image "./tliviipatavinih01caregoog_0335.png"; bbox 0 0 1892 2909; ppageno 0'>
   <div class='ocr_carea' id='block_1_1' title="bbox 176 85 731 176">
    <p class='ocr_par' dir='ltr' id='par_1_1' title="bbox 176 85 731 176">
     <span class='ocr_line' id='line_1_1' title="bbox 176 85 731 176; baseline -0.002 -1"><span class='ocrx_word' id='word_1_1' title='bbox 176 85 230 176; x_wconf 72' lang='lat' dir='ltr'>eso</span> <span class='ocrx_word' id='word_1_2' title='bbox 299 122 329 174; x_wconf 82' lang='lat' dir='ltr'>r.</span> <span class='ocrx_word' id='word_1_3' title='bbox 343 121 433 174; x_wconf 80' lang='lat' dir='ltr'>mvn</span> <span class='ocrx_word' id='word_1_4' title='bbox 449 123 503 174; x_wconf 66' lang='lat' dir='ltr'>ns</span> <span class='ocrx_word' id='word_1_5' title='bbox 517 122 598 174; x_wconf 75' lang='lat' dir='ltr'>unu.</span> <span class='ocrx_word' id='word_1_6' title='bbox 617 123 678 174; x_wconf 74' lang='lat' dir='ltr'>cn.</span> <span class='ocrx_word' id='word_1_7' title='bbox 692 127 731 174; x_wconf 75' lang='lat' dir='ltr'>re</span> 
     </span>
    </p>
   </div>
   <div class='ocr_carea' id='block_1_2' title="bbox 149 253 856 2724">
    <p class='ocr_par' dir='ltr' id='par_1_2' title="bbox 149 253 856 2724">
     <span class='ocr_line' id='line_1_2' title="bbox 173 253 856 319; baseline -0.003 -15"><span class='ocrx_word' id='word_1_8' title='bbox 173 260 298 304; x_wconf 84' lang='lat' dir='ltr'>manerent.</span> <span class='ocrx_word' id='word_1_9' title='bbox 326 253 466 302; x_wconf 75' lang='lat' dir='ltr'><strong>Philocrates</strong></span> <span class='ocrx_word' id='word_1_10' title='bbox 481 263 505 303; x_wconf 87' lang='lat' dir='ltr'>ct</span> <span class='ocrx_word' id='word_1_11' title='bbox 517 253 654 316; x_wconf 70' lang='lat' dir='ltr'>Astymedes</span> <span class='ocrx_word' id='word_1_12' title='bbox 663 254 775 317; x_wconf 81' lang='lat' dir='ltr'>principes</span> <span class='ocrx_word' id='word_1_13' title='bbox 784 256 856 319; x_wconf 73' lang='lat' dir='ltr'>legs-</span> 
     </span>
     <span class='ocr_line' id='line_1_3' title="bbox 174 319 854 370; baseline 0.004 -4"><span class='ocrx_word' id='word_1_14' title='bbox 174 321 241 367; x_wconf 87' lang='lat' dir='ltr'>tionis</span> <span class='ocrx_word' id='word_1_15' title='bbox 251 327 323 366; x_wconf 84' lang='lat' dir='ltr'>erant.</span> <span class='ocrx_word' id='word_1_16' title='bbox 345 319 434 368; x_wconf 84' lang='lat' dir='ltr'>Partem</span> <span class='ocrx_word' id='word_1_17' title='bbox 446 335 498 367; x_wconf 90' lang='lat' dir='ltr'>cum</span> <span class='ocrx_word' id='word_1_18' title='bbox 511 320 638 368; x_wconf 76' lang='lat' dir='ltr'><strong>Philocrate</strong></span> <span class='ocrx_word' id='word_1_19' title='bbox 646 321 774 369; x_wconf 84' lang='lat' dir='ltr'>renuntiare</span> <span class='ocrx_word' id='word_1_20' title='bbox 781 319 854 370; x_wconf 84' lang='lat' dir='ltr'>Rbo-</span> 
     </span>
     <span class='ocr_line' id='line_1_4' title="bbox 173 385 854 448; baseline 0 -14"><span class='ocrx_word' id='word_1_21' title='bbox 173 385 227 434; x_wconf 85' lang='lat' dir='ltr'>dum</span> <span class='ocrx_word' id='word_1_22' title='bbox 235 385 371 447; x_wconf 78' lang='lat' dir='ltr'>legationem</span> <span class='ocrx_word' id='word_1_23' title='bbox 379 387 468 448; x_wconf 77' lang='lat' dir='ltr'>placuit,</span> <span class='ocrx_word' id='word_1_24' title='bbox 478 393 565 448; x_wconf 87' lang='lat' dir='ltr'>partem</span> <span class='ocrx_word' id='word_1_25' title='bbox 571 401 623 432; x_wconf 87' lang='lat' dir='ltr'>cum</span> <span class='ocrx_word' id='word_1_26' title='bbox 631 385 757 446; x_wconf 82' lang='lat' dir='ltr'>Abtymede</span> <span class='ocrx_word' id='word_1_27' title='bbox 763 385 854 435; x_wconf 68' lang='lat' dir='ltr'>Rome</span> 
     </span>
     <span class='ocr_line' id='line_1_5' title="bbox 169 448 852 516; baseline 0.001 -19"><span class='ocrx_word' id='word_1_28' title='bbox 169 451 300 504; x_wconf 26' lang='lat' dir='ltr'>«subsistere,</span> <span class='ocrx_word' id='word_1_29' title='bbox 314 448 389 516; x_wconf 85' lang='lat' dir='ltr'>[quae]</span> <span class='ocrx_word' id='word_1_30' title='bbox 400 459 528 513; x_wconf 78' lang='lat' dir='ltr'>agerentur,</span> <span class='ocrx_word' id='word_1_31' title='bbox 543 451 617 504; x_wconf 87' lang='lat' dir='ltr'>sciret,</span> <span class='ocrx_word' id='word_1_32' title='bbox 629 451 782 511; x_wconf 75' lang='lat' dir='ltr'>certioresque</span> <span class='ocrx_word' id='word_1_33' title='bbox 792 467 852 498; x_wconf 82' lang='lat' dir='ltr'>suos</span> 
     </span>
     <span class='ocr_line' id='line_1_6' title="bbox 173 513 852 578; baseline 0.001 -16"><span class='ocrx_word' id='word_1_34' title='bbox 173 514 263 562; x_wconf 80' lang='lat' dir='ltr'>faceret</span> <span class='ocrx_word' id='word_1_35' title='bbox 289 513 318 561; x_wconf 90' lang='lat' dir='ltr'>In</span> <span class='ocrx_word' id='word_1_36' title='bbox 333 517 452 578; x_wconf 87' lang='lat' dir='ltr'>praesentia</span> <span class='ocrx_word' id='word_1_37' title='bbox 465 517 575 563; x_wconf 80' lang='lat' dir='ltr'>deducere</span> <span class='ocrx_word' id='word_1_38' title='bbox 588 523 641 562; x_wconf 88' lang='lat' dir='ltr'>ante</span> <span class='ocrx_word' id='word_1_39' title='bbox 650 522 735 562; x_wconf 85' lang='lat' dir='ltr'>certam</span> <span class='ocrx_word' id='word_1_40' title='bbox 745 516 807 562; x_wconf 86' lang='lat' dir='ltr'>diem</span> <span class='ocrx_word' id='word_1_41' title='bbox 820 532 852 564; x_wconf 87' lang='lat' dir='ltr'>ex</span> 
     </span>
     <span class='ocr_line' id='line_1_7' title="bbox 171 578 851 643; baseline 0 -15"><span class='ocrx_word' id='word_1_42' title='bbox 171 578 248 642; x_wconf 78' lang='lat' dir='ltr'>Lycii</span> <span class='ocrx_word' id='word_1_43' title='bbox 259 578 371 640; x_wconf 83' lang='lat' dir='ltr'>Cariique</span> <span class='ocrx_word' id='word_1_44' title='bbox 380 583 499 643; x_wconf 84' lang='lat' dir='ltr'>jusserunt</span> <span class='ocrx_word' id='word_1_45' title='bbox 511 580 638 643; x_wconf 69' lang='lat' dir='ltr'>prefectos</span> <span class='ocrx_word' id='word_1_46' title='bbox 663 579 725 627; x_wconf 78' lang='lat' dir='ltr'>Haec</span> <span class='ocrx_word' id='word_1_47' title='bbox 736 580 851 628; x_wconf 84' lang='lat' dir='ltr'>Rhodum</span> 
     </span>
     <span class='ocr_line' id='line_1_8' title="bbox 171 646 851 708; baseline -0.003 -14"><span class='ocrx_word' id='word_1_48' title='bbox 171 647 282 699; x_wconf 80' lang='lat' dir='ltr'>nuntiata,</span> <span class='ocrx_word' id='word_1_49' title='bbox 295 661 346 707; x_wconf 84' lang='lat' dir='ltr'>quae</span> <span class='ocrx_word' id='word_1_50' title='bbox 356 661 396 707; x_wconf 88' lang='lat' dir='ltr'>per</span> <span class='ocrx_word' id='word_1_51' title='bbox 407 662 431 692; x_wconf 84' lang='lat' dir='ltr'>se</span> <span class='ocrx_word' id='word_1_52' title='bbox 442 646 622 702; x_wconf 67' lang='lat' dir='ltr'>tristiafuissent,</span> <span class='ocrx_word' id='word_1_53' title='bbox 635 646 688 706; x_wconf 89' lang='lat' dir='ltr'>quia</span> <span class='ocrx_word' id='word_1_54' title='bbox 694 647 785 708; x_wconf 86' lang='lat' dir='ltr'>majoris</span> <span class='ocrx_word' id='word_1_55' title='bbox 793 647 851 693; x_wconf 88' lang='lat' dir='ltr'>mali</span> 
     </span>
     <span class='ocr_line' id='line_1_9' title="bbox 172 709 850 772; baseline 0 -14"><span class='ocrx_word' id='word_1_56' title='bbox 172 711 260 758; x_wconf 85' lang='lat' dir='ltr'>levatus</span> <span class='ocrx_word' id='word_1_57' title='bbox 269 718 316 757; x_wconf 88' lang='lat' dir='ltr'>erat</span> <span class='ocrx_word' id='word_1_58' title='bbox 325 709 398 764; x_wconf 90' lang='lat' dir='ltr'>timor,</span> <span class='ocrx_word' id='word_1_59' title='bbox 411 726 463 759; x_wconf 90' lang='lat' dir='ltr'>cum</span> <span class='ocrx_word' id='word_1_60' title='bbox 470 711 553 758; x_wconf 86' lang='lat' dir='ltr'>bellum</span> <span class='ocrx_word' id='word_1_61' title='bbox 561 710 696 765; x_wconf 73' lang='lat' dir='ltr'>timuissent,</span> <span class='ocrx_word' id='word_1_62' title='bbox 704 711 729 756; x_wconf 90' lang='lat' dir='ltr'>in</span> <span class='ocrx_word' id='word_1_63' title='bbox 736 711 850 772; x_wconf 82' lang='lat' dir='ltr'>gaudium</span> 
     </span>
     <span class='ocr_line' id='line_1_10' title="bbox 173 774 851 837; baseline 0 -15"><span class='ocrx_word' id='word_1_64' title='bbox 173 776 300 822; x_wconf 84' lang='lat' dir='ltr'>remmtiata</span> <span class='ocrx_word' id='word_1_65' title='bbox 314 783 437 822; x_wconf 84' lang='lat' dir='ltr'>verterunt</span> <span class='ocrx_word' id='word_1_66' title='bbox 467 774 549 837; x_wconf 85' lang='lat' dir='ltr'>Itaque</span> <span class='ocrx_word' id='word_1_67' title='bbox 562 775 676 837; x_wconf 85' lang='lat' dir='ltr'>extemplo</span> <span class='ocrx_word' id='word_1_68' title='bbox 690 790 798 822; x_wconf 76' lang='lat' dir='ltr'>coronam</span> <span class='ocrx_word' id='word_1_69' title='bbox 812 777 851 822; x_wconf 80' lang='lat' dir='ltr'>vi·</span> 
     </span>
     <span class='ocr_line' id='line_1_11' title="bbox 172 839 847 902; baseline 0.001 -16"><span class='ocrx_word' id='word_1_70' title='bbox 172 841 231 902; x_wconf 78' lang='lat' dir='ltr'>gluti</span> <span class='ocrx_word' id='word_1_71' title='bbox 250 839 344 886; x_wconf 88' lang='lat' dir='ltr'>millium</span> <span class='ocrx_word' id='word_1_72' title='bbox 363 856 482 888; x_wconf 86' lang='lat' dir='ltr'>aureorum</span> <span class='ocrx_word' id='word_1_73' title='bbox 502 842 664 888; x_wconf 78' lang='lat' dir='ltr'>decreverunt:</span> <span class='ocrx_word' id='word_1_74' title='bbox 691 839 847 897; x_wconf 84' lang='lat' dir='ltr'>Theodotum,</span> 
     </span>
     <span class='ocr_line' id='line_1_12' title="bbox 172 904 849 968; baseline 0.004 -18"><span class='ocrx_word' id='word_1_75' title='bbox 172 904 304 966; x_wconf 67' lang='lat' dir='ltr'>prefectum</span> <span class='ocrx_word' id='word_1_76' title='bbox 316 905 399 959; x_wconf 87' lang='lat' dir='ltr'>classis,</span> <span class='ocrx_word' id='word_1_77' title='bbox 415 905 438 952; x_wconf 91' lang='lat' dir='ltr'>in</span> <span class='ocrx_word' id='word_1_78' title='bbox 452 921 502 954; x_wconf 85' lang='lat' dir='ltr'>enm</span> <span class='ocrx_word' id='word_1_79' title='bbox 513 907 648 968; x_wconf 73' lang='lat' dir='ltr'>legatione·</span> <span class='ocrx_word' id='word_1_80' title='bbox 659 905 776 952; x_wconf 84' lang='lat' dir='ltr'>misemnt.</span> <span class='ocrx_word' id='word_1_81' title='bbox 802 906 849 953; x_wconf 84' lang='lat' dir='ltr'>So·</span> 
     </span>
     <span class='ocr_line' id='line_1_13' title="bbox 170 969 849 1032; baseline 0.004 -17"><span class='ocrx_word' id='word_1_82' title='bbox 170 970 276 1026; x_wconf 78' lang='lat' dir='ltr'>rietatem</span> <span class='ocrx_word' id='word_1_83' title='bbox 288 970 315 1016; x_wconf 90' lang='lat' dir='ltr'>ab</span> <span class='ocrx_word' id='word_1_84' title='bbox 326 969 436 1017; x_wconf 87' lang='lat' dir='ltr'>Romanis</span> <span class='ocrx_word' id='word_1_85' title='bbox 447 972 479 1018; x_wconf 81' lang='lat' dir='ltr'>its</span> <span class='ocrx_word' id='word_1_86' title='bbox 488 971 593 1018; x_wconf 83' lang='lat' dir='ltr'>volebant</span> <span class='ocrx_word' id='word_1_87' title='bbox 606 971 659 1032; x_wconf 85' lang='lat' dir='ltr'>peti,</span> <span class='ocrx_word' id='word_1_88' title='bbox 675 978 702 1017; x_wconf 87' lang='lat' dir='ltr'>ut</span> <span class='ocrx_word' id='word_1_89' title='bbox 716 971 804 1016; x_wconf 85' lang='lat' dir='ltr'>nullum</span> <span class='ocrx_word' id='word_1_90' title='bbox 818 972 849 1018; x_wconf 87' lang='lat' dir='ltr'>de</span> 
     </span>
     <span class='ocr_line' id='line_1_14' title="bbox 172 1031 848 1097; baseline 0.001 -16"><span class='ocrx_word' id='word_1_91' title='bbox 172 1031 200 1081; x_wconf 78' lang='lat' dir='ltr'>ei</span> <span class='ocrx_word' id='word_1_92' title='bbox 218 1050 242 1082; x_wconf 91' lang='lat' dir='ltr'>re</span> <span class='ocrx_word' id='word_1_93' title='bbox 261 1035 342 1081; x_wconf 88' lang='lat' dir='ltr'>scitum</span> <span class='ocrx_word' id='word_1_94' title='bbox 360 1035 436 1097; x_wconf 92' lang='lat' dir='ltr'>populi</span> <span class='ocrx_word' id='word_1_95' title='bbox 452 1035 523 1092; x_wconf 68' lang='lat' dir='ltr'>lieret,</span> <span class='ocrx_word' id='word_1_96' title='bbox 541 1041 581 1082; x_wconf 86' lang='lat' dir='ltr'>aut</span> <span class='ocrx_word' id='word_1_97' title='bbox 598 1036 669 1082; x_wconf 85' lang='lat' dir='ltr'>literis</span> <span class='ocrx_word' id='word_1_98' title='bbox 685 1035 848 1095; x_wconf 78' lang='lat' dir='ltr'>manderetur3</span> 
     </span>
     <span class='ocr_line' id='line_1_15' title="bbox 171 1100 845 1164; baseline 0.004 -19"><span class='ocrx_word' id='word_1_99' title='bbox 171 1100 238 1162; x_wconf 86' lang='lat' dir='ltr'>quod,</span> <span class='ocrx_word' id='word_1_100' title='bbox 249 1100 291 1146; x_wconf 86' lang='lat' dir='ltr'>nisi</span> <span class='ocrx_word' id='word_1_101' title='bbox 299 1101 450 1162; x_wconf 74' lang='lat' dir='ltr'>impetrarent,</span> <span class='ocrx_word' id='word_1_102' title='bbox 460 1102 532 1164; x_wconf 88' lang='lat' dir='ltr'>major</span> <span class='ocrx_word' id='word_1_103' title='bbox 539 1101 633 1163; x_wconf 78' lang='lat' dir='ltr'>repulsis</span> <span class='ocrx_word' id='word_1_104' title='bbox 640 1101 766 1162; x_wconf 79' lang='lat' dir='ltr'>ignominia</span> <span class='ocrx_word' id='word_1_105' title='bbox 773 1109 845 1148; x_wconf 80' lang='lat' dir='ltr'>esset.</span> 
     </span>
     <span class='ocr_line' id='line_1_16' title="bbox 172 1163 848 1228; baseline 0.001 -16"><span class='ocrx_word' id='word_1_106' title='bbox 172 1164 278 1212; x_wconf 75' lang='lat' dir='ltr'>Praefecti</span> <span class='ocrx_word' id='word_1_107' title='bbox 290 1165 366 1212; x_wconf 79' lang='lat' dir='ltr'>classis</span> <span class='ocrx_word' id='word_1_108' title='bbox 376 1167 399 1212; x_wconf 88' lang='lat' dir='ltr'>id</span> <span class='ocrx_word' id='word_1_109' title='bbox 409 1166 476 1212; x_wconf 84' lang='lat' dir='ltr'>unius</span> <span class='ocrx_word' id='word_1_110' title='bbox 490 1173 539 1213; x_wconf 87' lang='lat' dir='ltr'>erat</span> <span class='ocrx_word' id='word_1_111' title='bbox 548 1167 594 1228; x_wconf 82' lang='lat' dir='ltr'>jus,</span> <span class='ocrx_word' id='word_1_112' title='bbox 612 1172 637 1212; x_wconf 92' lang='lat' dir='ltr'>ut</span> <span class='ocrx_word' id='word_1_113' title='bbox 651 1179 721 1227; x_wconf 77' lang='lat' dir='ltr'>agere</span> <span class='ocrx_word' id='word_1_114' title='bbox 735 1166 763 1212; x_wconf 89' lang='lat' dir='ltr'>de</span> <span class='ocrx_word' id='word_1_115' title='bbox 777 1163 805 1212; x_wconf 78' lang='lat' dir='ltr'>ei</span> <span class='ocrx_word' id='word_1_116' title='bbox 821 1182 848 1214; x_wconf 85' lang='lat' dir='ltr'>re</span> 
     </span>
     <span class='ocr_line' id='line_1_17' title="bbox 167 1228 847 1293; baseline 0.001 -16"><span class='ocrx_word' id='word_1_117' title='bbox 167 1231 220 1279; x_wconf 92' lang='lat' dir='ltr'>sine</span> <span class='ocrx_word' id='word_1_118' title='bbox 237 1231 353 1292; x_wconf 75' lang='lat' dir='ltr'>rogatione</span> <span class='ocrx_word' id='word_1_119' title='bbox 369 1228 414 1277; x_wconf 80' lang='lat' dir='ltr'>uili</span> <span class='ocrx_word' id='word_1_120' title='bbox 429 1228 514 1292; x_wconf 75' lang='lat' dir='ltr'>perlati</span> <span class='ocrx_word' id='word_1_121' title='bbox 529 1237 618 1293; x_wconf 76' lang='lat' dir='ltr'>possetr</span> <span class='ocrx_word' id='word_1_122' title='bbox 639 1245 693 1276; x_wconf 88' lang='lat' dir='ltr'>nam</span> <span class='ocrx_word' id='word_1_123' title='bbox 707 1231 740 1277; x_wconf 90' lang='lat' dir='ltr'>ita</span> <span class='ocrx_word' id='word_1_124' title='bbox 753 1246 794 1293; x_wconf 89' lang='lat' dir='ltr'>per</span> <span class='ocrx_word' id='word_1_125' title='bbox 808 1238 847 1278; x_wconf 89' lang='lat' dir='ltr'>tot</span> 
     </span>
     <span class='ocr_line' id='line_1_18' title="bbox 168 1293 845 1350; baseline 0.003 -8"><span class='ocrx_word' id='word_1_126' title='bbox 168 1311 243 1342; x_wconf 82' lang='lat' dir='ltr'>annos</span> <span class='ocrx_word' id='word_1_127' title='bbox 257 1296 281 1341; x_wconf 90' lang='lat' dir='ltr'>iu</span> <span class='ocrx_word' id='word_1_128' title='bbox 296 1294 392 1342; x_wconf 74' lang='lat' dir='ltr'>amicitiis</span> <span class='ocrx_word' id='word_1_129' title='bbox 404 1295 501 1350; x_wconf 80' lang='lat' dir='ltr'>fuerant,</span> <span class='ocrx_word' id='word_1_130' title='bbox 519 1304 545 1343; x_wconf 90' lang='lat' dir='ltr'>ut</span> <span class='ocrx_word' id='word_1_131' title='bbox 561 1295 637 1342; x_wconf 77' lang='lat' dir='ltr'>sociali</span> <span class='ocrx_word' id='word_1_132' title='bbox 650 1293 737 1342; x_wconf 81' lang='lat' dir='ltr'>foedere</span> <span class='ocrx_word' id='word_1_133' title='bbox 750 1311 777 1344; x_wconf 87' lang='lat' dir='ltr'>se</span> <span class='ocrx_word' id='word_1_134' title='bbox 789 1310 845 1343; x_wconf 83' lang='lat' dir='ltr'>cmn</span> 
     </span>
     <span class='ocr_line' id='line_1_19' title="bbox 171 1359 845 1422; baseline 0 -14"><span class='ocrx_word' id='word_1_135' title='bbox 171 1359 283 1408; x_wconf 78' lang='lat' dir='ltr'>Romanis</span> <span class='ocrx_word' id='word_1_136' title='bbox 302 1375 347 1407; x_wconf 91' lang='lat' dir='ltr'>non</span> <span class='ocrx_word' id='word_1_137' title='bbox 366 1361 486 1422; x_wconf 73' lang='lat' dir='ltr'>illigarent,</span> <span class='ocrx_word' id='word_1_138' title='bbox 508 1362 538 1408; x_wconf 87' lang='lat' dir='ltr'>ob</span> <span class='ocrx_word' id='word_1_139' title='bbox 556 1361 639 1408; x_wconf 76' lang='lat' dir='ltr'>atillam</span> <span class='ocrx_word' id='word_1_140' title='bbox 658 1361 725 1408; x_wconf 88' lang='lat' dir='ltr'>sliam</span> <span class='ocrx_word' id='word_1_141' title='bbox 743 1375 845 1417; x_wconf 71' lang='lat' dir='ltr'>musam,</span> 
     </span>
     <span class='ocr_line' id='line_1_20' title="bbox 167 1426 846 1488; baseline 0.001 -15"><span class='ocrx_word' id='word_1_142' title='bbox 167 1441 239 1486; x_wconf 84' lang='lat' dir='ltr'>quam</span> <span class='ocrx_word' id='word_1_143' title='bbox 250 1440 279 1472; x_wconf 89' lang='lat' dir='ltr'>ne</span> <span class='ocrx_word' id='word_1_144' title='bbox 289 1441 351 1488; x_wconf 87' lang='lat' dir='ltr'>spem</span> <span class='ocrx_word' id='word_1_145' title='bbox 363 1426 452 1488; x_wconf 80' lang='lat' dir='ltr'>regibus</span> <span class='ocrx_word' id='word_1_146' title='bbox 463 1426 617 1474; x_wconf 82' lang='lat' dir='ltr'>abscinderent</span> <span class='ocrx_word' id='word_1_147' title='bbox 626 1426 703 1472; x_wconf 84' lang='lat' dir='ltr'>auxilii</span> <span class='ocrx_word' id='word_1_148' title='bbox 717 1427 759 1480; x_wconf 80' lang='lat' dir='ltr'>sui,</span> <span class='ocrx_word' id='word_1_149' title='bbox 776 1427 846 1474; x_wconf 87' lang='lat' dir='ltr'>sicui</span> 
     </span>
     <span class='ocr_line' id='line_1_21' title="bbox 166 1489 846 1554; baseline 0.004 -18"><span class='ocrx_word' id='word_1_150' title='bbox 166 1507 227 1553; x_wconf 86' lang='lat' dir='ltr'>opus</span> <span class='ocrx_word' id='word_1_151' title='bbox 243 1498 310 1545; x_wconf 87' lang='lat' dir='ltr'>esset,</span> <span class='ocrx_word' id='word_1_152' title='bbox 331 1506 375 1537; x_wconf 90' lang='lat' dir='ltr'>nen</span> <span class='ocrx_word' id='word_1_153' title='bbox 391 1491 432 1537; x_wconf 85' lang='lat' dir='ltr'>sibi</span> <span class='ocrx_word' id='word_1_154' title='bbox 447 1492 502 1553; x_wconf 88' lang='lat' dir='ltr'>ipsis</span> <span class='ocrx_word' id='word_1_155' title='bbox 517 1489 605 1538; x_wconf 65' lang='lat' dir='ltr'>smmis</span> <span class='ocrx_word' id='word_1_156' title='bbox 620 1505 650 1538; x_wconf 85' lang='lat' dir='ltr'>ex</span> <span class='ocrx_word' id='word_1_157' title='bbox 665 1491 803 1554; x_wconf 73' lang='lat' dir='ltr'>benignitate</span> <span class='ocrx_word' id='word_1_158' title='bbox 819 1500 846 1540; x_wconf 68' lang='grc' dir='ltr'><strong><em>α</em></strong></span> 
     </span>
     <span class='ocr_line' id='line_1_22' title="bbox 168 1553 845 1619; baseline 0.001 -16"><span class='ocrx_word' id='word_1_159' title='bbox 168 1553 261 1604; x_wconf 76' lang='lat' dir='ltr'>fortuni</span> <span class='ocrx_word' id='word_1_160' title='bbox 271 1571 349 1602; x_wconf 89' lang='lat' dir='ltr'>eorum</span> <span class='ocrx_word' id='word_1_161' title='bbox 359 1556 501 1618; x_wconf 87' lang='lat' dir='ltr'>percipiendi.</span> <span class='ocrx_word' id='word_1_162' title='bbox 528 1555 595 1604; x_wconf 85' lang='lat' dir='ltr'>Tunc</span> <span class='ocrx_word' id='word_1_163' title='bbox 609 1557 687 1618; x_wconf 86' lang='lat' dir='ltr'>utique</span> <span class='ocrx_word' id='word_1_164' title='bbox 698 1557 794 1619; x_wconf 68' lang='lat' dir='ltr'>petendu</span> <span class='ocrx_word' id='word_1_165' title='bbox 804 1572 845 1604; x_wconf 86' lang='lat' dir='ltr'>so·</span> 
     </span>
     <span class='ocr_line' id='line_1_23' title="bbox 166 1620 845 1682; baseline 0.001 -14"><span class='ocrx_word' id='word_1_166' title='bbox 166 1622 239 1668; x_wconf 80' lang='lat' dir='ltr'>eletas</span> <span class='ocrx_word' id='word_1_167' title='bbox 250 1620 377 1678; x_wconf 79' lang='lat' dir='ltr'>videbetur3</span> <span class='ocrx_word' id='word_1_168' title='bbox 393 1636 439 1667; x_wconf 89' lang='lat' dir='ltr'>non</span> <span class='ocrx_word' id='word_1_169' title='bbox 449 1637 502 1682; x_wconf 83' lang='lat' dir='ltr'>quae</span> <span class='ocrx_word' id='word_1_170' title='bbox 511 1622 607 1669; x_wconf 88' lang='lat' dir='ltr'>tutiores</span> <span class='ocrx_word' id='word_1_171' title='bbox 617 1637 657 1669; x_wconf 88' lang='lat' dir='ltr'>eos</span> <span class='ocrx_word' id='word_1_172' title='bbox 667 1623 695 1668; x_wconf 82' lang='lat' dir='ltr'>ab</span> <span class='ocrx_word' id='word_1_173' title='bbox 702 1621 845 1670; x_wconf 69' lang='lat' dir='ltr'>rubim</span> 
     </span>
     <span class='ocr_line' id='line_1_24' title="bbox 167 1685 842 1750; baseline 0.001 -18"><span class='ocrx_word' id='word_1_174' title='bbox 167 1687 224 1750; x_wconf 78' lang='lat' dir='ltr'>(nec</span> <span class='ocrx_word' id='word_1_175' title='bbox 241 1686 301 1731; x_wconf 88' lang='lat' dir='ltr'>enim</span> <span class='ocrx_word' id='word_1_176' title='bbox 318 1686 425 1732; x_wconf 89' lang='lat' dir='ltr'>timebant</span> <span class='ocrx_word' id='word_1_177' title='bbox 440 1702 581 1748; x_wconf 88' lang='lat' dir='ltr'>quemquam,</span> <span class='ocrx_word' id='word_1_178' title='bbox 601 1693 684 1749; x_wconf 81' lang='lat' dir='ltr'>praeter</span> <span class='ocrx_word' id='word_1_179' title='bbox 698 1685 842 1747; x_wconf 75' lang='lat' dir='ltr'>Romanos),</span> 
     </span>
     <span class='ocr_line' id='line_1_25' title="bbox 167 1749 843 1814; baseline 0.003 -17"><span class='ocrx_word' id='word_1_180' title='bbox 167 1751 208 1797; x_wconf 87' lang='lat' dir='ltr'>sed</span> <span class='ocrx_word' id='word_1_181' title='bbox 219 1765 270 1812; x_wconf 81' lang='lat' dir='ltr'>quae</span> <span class='ocrx_word' id='word_1_182' title='bbox 284 1749 338 1812; x_wconf 88' lang='lat' dir='ltr'>ipsis</span> <span class='ocrx_word' id='word_1_183' title='bbox 353 1749 463 1798; x_wconf 85' lang='lat' dir='ltr'>Romanis</span> <span class='ocrx_word' id='word_1_184' title='bbox 479 1753 553 1798; x_wconf 90' lang='lat' dir='ltr'>minus</span> <span class='ocrx_word' id='word_1_185' title='bbox 568 1759 691 1814; x_wconf 86' lang='lat' dir='ltr'>suspectos.</span> <span class='ocrx_word' id='word_1_186' title='bbox 719 1752 767 1799; x_wconf 86' lang='lat' dir='ltr'>Sub</span> <span class='ocrx_word' id='word_1_187' title='bbox 780 1751 843 1799; x_wconf 86' lang='lat' dir='ltr'>idem</span> 
     </span>
     <span class='ocr_line' id='line_1_26' title="bbox 165 1813 843 1878; baseline 0.003 -16"><span class='ocrx_word' id='word_1_188' title='bbox 165 1814 215 1862; x_wconf 75' lang='lat' dir='ltr'>dere</span> <span class='ocrx_word' id='word_1_189' title='bbox 227 1823 314 1877; x_wconf 79' lang='lat' dir='ltr'>tempus</span> <span class='ocrx_word' id='word_1_190' title='bbox 325 1823 349 1861; x_wconf 92' lang='lat' dir='ltr'>et</span> <span class='ocrx_word' id='word_1_191' title='bbox 360 1813 441 1864; x_wconf 84' lang='lat' dir='ltr'>Caunii</span> <span class='ocrx_word' id='word_1_192' title='bbox 452 1815 566 1864; x_wconf 74' lang='lat' dir='ltr'>descivere</span> <span class='ocrx_word' id='word_1_193' title='bbox 576 1818 653 1871; x_wconf 84' lang='lat' dir='ltr'>abbis,</span> <span class='ocrx_word' id='word_1_194' title='bbox 665 1824 689 1864; x_wconf 88' lang='lat' dir='ltr'>et</span> <span class='ocrx_word' id='word_1_195' title='bbox 697 1816 843 1878; x_wconf 77' lang='lat' dir='ltr'>Mylasenses</span> 
     </span>
     <span class='ocr_line' id='line_1_27' title="bbox 168 1879 843 1945; baseline 0 -17"><span class='ocrx_word' id='word_1_196' title='bbox 168 1879 345 1928; x_wconf 83' lang='lat' dir='ltr'>Euromensium</span> <span class='ocrx_word' id='word_1_197' title='bbox 352 1881 432 1942; x_wconf 80' lang='lat' dir='ltr'>oppida</span> <span class='ocrx_word' id='word_1_198' title='bbox 438 1880 582 1945; x_wconf 82' lang='lat' dir='ltr'>occupiruut</span> <span class='ocrx_word' id='word_1_199' title='bbox 599 1881 843 1929; x_wconf 83' lang='lat' dir='ltr'>Noniteiractisnimi</span> 
     </span>
     <span class='ocr_line' id='line_1_28' title="bbox 168 1945 843 2008; baseline 0.004 -16"><span class='ocrx_word' id='word_1_200' title='bbox 168 1945 264 1992; x_wconf 84' lang='lat' dir='ltr'>civitatis</span> <span class='ocrx_word' id='word_1_201' title='bbox 281 1952 351 1999; x_wconf 80' lang='lat' dir='ltr'>erant</span> <span class='ocrx_word' id='word_1_202' title='bbox 372 1953 397 1992; x_wconf 93' lang='lat' dir='ltr'>ut</span> <span class='ocrx_word' id='word_1_203' title='bbox 413 1961 459 1993; x_wconf 91' lang='lat' dir='ltr'>non</span> <span class='ocrx_word' id='word_1_204' title='bbox 476 1947 591 2001; x_wconf 75' lang='lat' dir='ltr'>sentirent,</span> <span class='ocrx_word' id='word_1_205' title='bbox 609 1948 629 1995; x_wconf 84' lang='lat' dir='ltr'>si</span> <span class='ocrx_word' id='word_1_206' title='bbox 645 1946 718 2008; x_wconf 86' lang='lat' dir='ltr'>Lycia</span> <span class='ocrx_word' id='word_1_207' title='bbox 733 1954 757 1994; x_wconf 88' lang='lat' dir='ltr'>et</span> <span class='ocrx_word' id='word_1_208' title='bbox 773 1945 843 1996; x_wconf 81' lang='lat' dir='ltr'>Csris</span> 
     </span>
     <span class='ocr_line' id='line_1_29' title="bbox 165 2009 843 2074; baseline -0.001 -16"><span class='ocrx_word' id='word_1_209' title='bbox 165 2012 265 2058; x_wconf 84' lang='lat' dir='ltr'>ademtae</span> <span class='ocrx_word' id='word_1_210' title='bbox 279 2013 306 2058; x_wconf 83' lang='lat' dir='ltr'>eb</span> <span class='ocrx_word' id='word_1_211' title='bbox 322 2009 433 2058; x_wconf 88' lang='lat' dir='ltr'>Romanis</span> <span class='ocrx_word' id='word_1_212' title='bbox 448 2011 530 2067; x_wconf 82' lang='lat' dir='ltr'>forent,</span> <span class='ocrx_word' id='word_1_213' title='bbox 548 2020 630 2059; x_wconf 82' lang='lat' dir='ltr'>ocetera</span> <span class='ocrx_word' id='word_1_214' title='bbox 644 2019 684 2061; x_wconf 84' lang='lat' dir='ltr'>sut</span> <span class='ocrx_word' id='word_1_215' title='bbox 697 2028 723 2060; x_wconf 88' lang='lat' dir='ltr'>se</span> <span class='ocrx_word' id='word_1_216' title='bbox 737 2012 787 2074; x_wconf 89' lang='lat' dir='ltr'>ipsa</span> <span class='ocrx_word' id='word_1_217' title='bbox 799 2027 843 2073; x_wconf 86' lang='lat' dir='ltr'>per</span> 
     </span>
     <span class='ocr_line' id='line_1_30' title="bbox 164 2075 840 2139; baseline 0 -16"><span class='ocrx_word' id='word_1_218' title='bbox 164 2076 316 2124; x_wconf 81' lang='lat' dir='ltr'>defectionem</span> <span class='ocrx_word' id='word_1_219' title='bbox 332 2077 457 2131; x_wconf 76' lang='lat' dir='ltr'>liberarent,</span> <span class='ocrx_word' id='word_1_220' title='bbox 475 2085 515 2124; x_wconf 84' lang='lat' dir='ltr'>aut</span> <span class='ocrx_word' id='word_1_221' title='bbox 529 2093 543 2125; x_wconf 85' lang='lat' dir='ltr'>s</span> <span class='ocrx_word' id='word_1_222' title='bbox 556 2075 656 2124; x_wconf 79' lang='lat' dir='ltr'>finitimis</span> <span class='ocrx_word' id='word_1_223' title='bbox 669 2083 840 2139; x_wconf 82' lang='lat' dir='ltr'>occuparentur,</span> 
     </span>
     <span class='ocr_line' id='line_1_31' title="bbox 166 2141 841 2205; baseline 0.003 -18"><span class='ocrx_word' id='word_1_224' title='bbox 166 2141 252 2188; x_wconf 87' lang='lat' dir='ltr'>includi</span> <span class='ocrx_word' id='word_1_225' title='bbox 263 2159 287 2188; x_wconf 88' lang='lat' dir='ltr'>se</span> <span class='ocrx_word' id='word_1_226' title='bbox 297 2141 377 2188; x_wconf 85' lang='lat' dir='ltr'>insulae</span> <span class='ocrx_word' id='word_1_227' title='bbox 388 2156 463 2203; x_wconf 83' lang='lat' dir='ltr'>parvae</span> <span class='ocrx_word' id='word_1_228' title='bbox 474 2148 498 2188; x_wconf 89' lang='lat' dir='ltr'>et</span> <span class='ocrx_word' id='word_1_229' title='bbox 509 2143 589 2189; x_wconf 84' lang='lat' dir='ltr'>sterilis</span> <span class='ocrx_word' id='word_1_230' title='bbox 603 2143 652 2205; x_wconf 87' lang='lat' dir='ltr'>agri</span> <span class='ocrx_word' id='word_1_231' title='bbox 663 2143 771 2196; x_wconf 76' lang='lat' dir='ltr'>litoribus,</span> <span class='ocrx_word' id='word_1_232' title='bbox 787 2157 841 2202; x_wconf 80' lang='lat' dir='ltr'>quae</span> 
     </span>
     <span class='ocr_line' id='line_1_32' title="bbox 165 2205 841 2270; baseline 0.004 -19"><span class='ocrx_word' id='word_1_233' title='bbox 165 2205 307 2268; x_wconf 80' lang='lat' dir='ltr'>nequiquam</span> <span class='ocrx_word' id='word_1_234' title='bbox 318 2207 377 2254; x_wconf 87' lang='lat' dir='ltr'>alere</span> <span class='ocrx_word' id='word_1_235' title='bbox 388 2213 457 2253; x_wconf 79' lang='lat' dir='ltr'>tentae</span> <span class='ocrx_word' id='word_1_236' title='bbox 469 2207 528 2254; x_wconf 87' lang='lat' dir='ltr'>urbis</span> <span class='ocrx_word' id='word_1_237' title='bbox 568 2207 645 2270; x_wconf 88' lang='lat' dir='ltr'>pulum</span> <span class='ocrx_word' id='word_1_238' title='bbox 656 2215 740 2270; x_wconf 80' lang='lat' dir='ltr'>posset·</span> <span class='ocrx_word' id='word_1_239' title='bbox 765 2206 841 2254; x_wconf 71' lang='lat' dir='ltr'>nsunt</span> 
     </span>
     <span class='ocr_line' id='line_1_33' title="bbox 165 2223 841 2334; baseline 0.004 -17"><span class='ocrx_word' id='word_1_240' title='bbox 165 2271 237 2333; x_wconf 82' lang='lat' dir='ltr'>igitur</span> <span class='ocrx_word' id='word_1_241' title='bbox 243 2274 371 2334; x_wconf 77' lang='lat' dir='ltr'>juventute,</span> <span class='ocrx_word' id='word_1_242' title='bbox 387 2287 481 2334; x_wconf 90' lang='lat' dir='ltr'>propere</span> <span class='ocrx_word' id='word_1_243' title='bbox 491 2280 515 2319; x_wconf 88' lang='lat' dir='ltr'>et</span> <span class='ocrx_word' id='word_1_244' title='bbox 528 2223 635 2326; x_wconf 52' lang='lat' dir='ltr'>effusior,</span> <span class='ocrx_word' id='word_1_245' title='bbox 651 2287 787 2334; x_wconf 77' lang='lat' dir='ltr'>qumquam</span> <span class='ocrx_word' id='word_1_246' title='bbox 799 2269 841 2320; x_wconf 83' lang='lat' dir='ltr'>ci-</span> 
     </span>
     <span class='ocr_line' id='line_1_34' title="bbox 149 2336 841 2400; baseline 0 -18"><span class='ocrx_word' id='word_1_247' title='bbox 149 2377 154 2394; x_wconf 59' lang='lat'><strong>„</strong></span> <span class='ocrx_word' id='word_1_248' title='bbox 166 2336 293 2396; x_wconf 82' lang='lat' dir='ltr'>byraterum</span> <span class='ocrx_word' id='word_1_249' title='bbox 305 2337 445 2384; x_wconf 84' lang='lat' dir='ltr'>adsciverant</span> <span class='ocrx_word' id='word_1_250' title='bbox 455 2338 544 2392; x_wconf 82' lang='lat' dir='ltr'>suxilis,</span> <span class='ocrx_word' id='word_1_251' title='bbox 560 2337 685 2400; x_wconf 69' lang='lat' dir='ltr'>cobgerunt</span> <span class='ocrx_word' id='word_1_252' title='bbox 695 2337 789 2399; x_wconf 88' lang='lat' dir='ltr'>imperio</span> <span class='ocrx_word' id='word_1_253' title='bbox 800 2351 841 2399; x_wconf 85' lang='lat' dir='ltr'>ps·</span> 
     </span>
     <span class='ocr_line' id='line_1_35' title="bbox 166 2401 839 2464; baseline 0.003 -18"><span class='ocrx_word' id='word_1_254' title='bbox 166 2416 229 2457; x_wconf 80' lang='lat' dir='ltr'>rere3</span> <span class='ocrx_word' id='word_1_255' title='bbox 246 2407 268 2446; x_wconf 86' lang='lat' dir='ltr'>et</span> <span class='ocrx_word' id='word_1_256' title='bbox 279 2401 423 2462; x_wconf 75' lang='lat' dir='ltr'>Mylasenses</span> <span class='ocrx_word' id='word_1_257' title='bbox 431 2401 640 2464; x_wconf 71' lang='lat' dir='ltr'>Alabandenosque,</span> <span class='ocrx_word' id='word_1_258' title='bbox 652 2403 698 2464; x_wconf 80' lang='lat' dir='ltr'>qui,</span> <span class='ocrx_word' id='word_1_259' title='bbox 710 2401 839 2449; x_wconf 86' lang='lat' dir='ltr'>Euromen-</span> 
     </span>
     <span class='ocr_line' id='line_1_36' title="bbox 165 2464 839 2530; baseline 0.006 -20"><span class='ocrx_word' id='word_1_260' title='bbox 165 2464 225 2510; x_wconf 86' lang='lat' dir='ltr'>sium</span> <span class='ocrx_word' id='word_1_261' title='bbox 241 2464 356 2525; x_wconf 79' lang='lat' dir='ltr'>provincii</span> <span class='ocrx_word' id='word_1_262' title='bbox 371 2464 467 2520; x_wconf 73' lang='lat' dir='ltr'>ademtis,</span> <span class='ocrx_word' id='word_1_263' title='bbox 485 2467 513 2515; x_wconf 83' lang='lat' dir='ltr'>ed</span> <span class='ocrx_word' id='word_1_264' title='bbox 528 2468 589 2530; x_wconf 87' lang='lat' dir='ltr'>ipsos</span> <span class='ocrx_word' id='word_1_265' title='bbox 603 2469 725 2530; x_wconf 87' lang='lat' dir='ltr'>conjuncto</span> <span class='ocrx_word' id='word_1_266' title='bbox 739 2469 839 2514; x_wconf 84' lang='lat' dir='ltr'>exercitu</span> 
     </span>
     <span class='ocr_line' id='line_1_37' title="bbox 165 2529 675 2582; baseline 0.008 -8"><span class='ocrx_word' id='word_1_267' title='bbox 165 2536 284 2582; x_wconf 80' lang='lat' dir='ltr'>venerunt,</span> <span class='ocrx_word' id='word_1_268' title='bbox 296 2530 355 2577; x_wconf 85' lang='lat' dir='ltr'>circa</span> <span class='ocrx_word' id='word_1_269' title='bbox 366 2529 496 2578; x_wconf 85' lang='lat' dir='ltr'>Orthosiam</span> <span class='ocrx_word' id='word_1_270' title='bbox 506 2533 555 2580; x_wconf 83' lang='lat' dir='ltr'>acic</span> <span class='ocrx_word' id='word_1_271' title='bbox 564 2533 675 2579; x_wconf 81' lang='lat' dir='ltr'>riccrrrnt.</span> 
     </span>
     <span class='ocr_line' id='line_1_38' title="bbox 201 2590 840 2652; baseline 0.009 -16"><span class='ocrx_word' id='word_1_272' title='bbox 201 2590 297 2638; x_wconf 73' lang='lat' dir='ltr'>xxvi.</span> <span class='ocrx_word' id='word_1_273' title='bbox 313 2593 378 2640; x_wconf 91' lang='lat' dir='ltr'>Dum</span> <span class='ocrx_word' id='word_1_274' title='bbox 390 2596 440 2642; x_wconf 87' lang='lat' dir='ltr'>baec</span> <span class='ocrx_word' id='word_1_275' title='bbox 450 2596 488 2652; x_wconf 82' lang='lat' dir='ltr'>rbi,</span> <span class='ocrx_word' id='word_1_276' title='bbox 500 2596 574 2644; x_wconf 87' lang='lat' dir='ltr'>aliain</span> <span class='ocrx_word' id='word_1_277' title='bbox 582 2595 727 2649; x_wconf 71' lang='lat' dir='ltr'>Macedonis,</span> <span class='ocrx_word' id='word_1_278' title='bbox 738 2595 840 2643; x_wconf 76' lang='lat' dir='ltr'>alislio-</span> 
     </span>
     <span class='ocr_line' id='line_1_39' title="bbox 163 2659 839 2724; baseline 0.022 -23"><span class='ocrx_word' id='word_1_279' title='bbox 163 2671 209 2702; x_wconf 78' lang='lat' dir='ltr'>mss</span> <span class='ocrx_word' id='word_1_280' title='bbox 223 2664 347 2718; x_wconf 58' lang='lat' dir='ltr'>gerentum</span> <span class='ocrx_word' id='word_1_281' title='bbox 368 2659 457 2706; x_wconf 88' lang='lat' dir='ltr'>interim</span> <span class='ocrx_word' id='word_1_282' title='bbox 472 2662 497 2708; x_wconf 87' lang='lat' dir='ltr'>in</span> <span class='ocrx_word' id='word_1_283' title='bbox 510 2661 606 2724; x_wconf 81' lang='lat' dir='ltr'>Illyrico</span> <span class='ocrx_word' id='word_1_284' title='bbox 622 2661 651 2711; x_wconf 76' lang='lat'>1.</span> <span class='ocrx_word' id='word_1_285' title='bbox 662 2662 766 2716; x_wconf 74' lang='lat' dir='ltr'>Anicius,</span> <span class='ocrx_word' id='word_1_286' title='bbox 783 2677 839 2724; x_wconf 63' lang='lat' dir='ltr'>rege</span> 
     </span>
    </p>
   </div>
   <div class='ocr_carea' id='block_1_3' title="bbox 0 0 950 2909">
    <p class='ocr_par' dir='ltr' id='par_1_3' title="bbox 0 0 950 2909">
     <span class='ocr_line' id='line_1_40' title="bbox 0 0 950 2909; baseline 0 4"><span class='ocrx_word' id='word_1_287' title='bbox 0 0 950 2909; x_wconf 95' lang='lat' dir='ltr'> </span> 
     </span>
    </p>
   </div>
  </div>
 </body>
</html>
