1892 2909
159 126 209 171 22⁴
277 120 306 168 Τ.
321 120 409 169 LIVII
426 121 479 169 Lus.
491 120 588 171 XLIII.
608 119 666 171 cir.
682 114 722 168 2?

156 251 294 315 provinciam
309 251 450 312 relinqueret,
460 253 486 298 in
496 252 590 299 alienam
604 252 724 309 transiret3
741 251 828 297 exerci-

156 324 206 363 tum
217 331 277 361 novo
293 317 417 378 periculoso
434 318 514 363 itinere
524 318 582 363 inter
592 325 679 364 exteras
690 323 770 377 gentes
785 316 828 361 du-

156 387 225 434 ceret,
237 381 296 427 viam
311 389 346 427 tot
360 382 486 428 nationibus
501 383 524 427 in
540 379 628 428 Italiam
639 380 740 443 aperiret.
775 379 828 427 De·

157 452 253 492 cernunt
266 445 401 507 frequentes,
418 454 443 493 ut
462 446 491 495 C.
506 447 616 507 Sulpicius
633 454 718 511 praetor
734 452 779 491 tres
797 458 827 490 ex

156 519 238 557 senatu
248 512 348 557 nominet
365 512 459 573 legatos,
474 511 512 571 qui
529 527 557 557 eo
572 510 608 557 die
618 510 787 572 proficiscantur
797 523 827 555 ex

157 574 238 634 Urbe;
254 583 285 629 et,
297 583 404 637 quantum
415 577 539 623 accelerare
545 583 644 637 possent,
658 573 761 622 Cassium
770 588 827 619 con-

157 641 237 694 sulem,
249 641 382 700 ubicumque
389 641 424 694 sit,
434 648 611 701 persequantur3
623 640 733 693 nuntient,
744 653 772 685 ne
779 638 828 685 bel·

156 704 204 751 lum
218 718 270 751 cunr
285 703 414 765 diligente
429 712 526 759 moveat,
546 706 588 751 nisi
605 720 656 751 cum
674 702 718 765 qui
734 714 825 750 senatus

155 770 280 831 gerendum
295 776 420 821 censuerat
454 769 537 831 legati
555 770 577 815 hi
593 769 693 831 proiecti,
713 768 749 814 Μ.
765 766 825 815 Cor·

155 835 228 883 nelius
237 831 360 894 Cethegus,
373 833 409 880 Μ.
421 833 523 889 Fulvius,
537 833 565 880 P.
576 834 678 881 Marcius
686 833 746 879 Rex.
770 832 825 879 Me·

156 905 195 944 tus
205 898 234 944 de
241 898 333 944 consule
340 905 408 959 atque
417 900 518 946 exercitu
529 899 614 945 distulit
625 914 652 945 eo
663 906 764 960 ternpore
773 912 825 943 mu-

157 962 246 1009 niendae
257 961 368 1022 Aquileiae
378 978 462 1009 euram.

189 1025 224 1072 ll.
243 1025 362 1088 Hispaniae
371 1028 452 1075 deinde
464 1029 580 1090 utriusque
595 1028 664 1089 iegati
681 1028 765 1088 aliquot
783 1041 824 1088 po·

155 1091 259 1155 pulorum
269 1091 293 1137 in
304 1100 405 1139 senonim
413 1093 542 1139 introducti.
577 1090 605 1146 Ii,
618 1092 646 1138 de
653 1093 825 1153 magistratuum

156 1156 312 1204 Romanorum
328 1157 420 1204 avaritiis
437 1156 581 1220 superbiique
595 1157 718 1217 conquesti,
730 1156 773 1202 nisi
783 1170 826 1217 ge·

155 1222 221 1270 nibus
228 1223 256 1269 ab
267 1229 346 1269 senatu
355 1223 473 1285 petierunt,
486 1237 516 1269 ne
526 1238 551 1269 se
561 1222 634 1269 socios
644 1221 726 1268 ioedius
737 1220 826 1283 spoliari

155 1288 282 1348 vexarique,
298 1302 364 1348 quam
379 1288 462 1341 hostes,
473 1288 592 1350 patiantur.
629 1284 690 1335 Curn
704 1294 727 1333 et
738 1286 780 1332 alia
790 1285 826 1331 in·

156 1351 226 1413 digna
235 1360 387 1413 quererentur,
400 1352 543 1400 manifestum
557 1358 633 1399 nutem
641 1358 707 1406 esset,
719 1350 826 1414 pecunias

156 1424 248 1477 captas,
266 1414 295 1463 1.
308 1415 417 1466 Canuleio
426 1418 526 1480 praetori,
539 1418 576 1478 qui
588 1416 722 1478 Hispaniam
733 1416 826 1462 sortitus

154 1488 209 1536 ¹erat,
226 1482 342 1544 negotium
359 1482 437 1529 datum
456 1489 499 1536 est,
519 1489 543 1528 ut
562 1482 586 1527 in
597 1481 705 1543 singulos,
722 1480 826 1541 aquibus

156 1544 255 1608 Hispani
267 1548 373 1608 pecunias
389 1553 498 1609 peterent,
515 1547 595 1607 quinos
611 1552 778 1608 recuperatores
795 1558 825 1591 ex

155 1611 234 1658 ordine
244 1612 356 1657 senatorio
364 1612 433 1665 daret,
445 1619 602 1673 patronosque,
615 1626 671 1671 quos
682 1610 772 1663 vellent,
787 1624 826 1655 su·

155 1676 231 1721 mendi
242 1682 375 1736 potestatem
385 1675 475 1723 iaceret.
503 1675 598 1723 Vocatis
609 1676 632 1721 in
641 1676 725 1722 curiam
735 1674 824 1737 legatis,

155 1740 274 1785 recitatum
287 1747 323 1785 est
339 1741 577 1795 senstdsconsultum,
590 1740 694 1803 jussique
710 1740 827 1785 nominare

155 1806 276 1865 patronos:
291 1810 386 1863 quatuor
394 1805 573 1859 nominavenrnt,
586 1804 623 1851 Μ.
635 1803 741 1851 Porcium
754 1801 826 1851 Cato-

155 1882 215 1920 nem,
229 1867 256 1914 P.
269 1866 400 1915 Cornelium
412 1866 456 1916 Cn.
470 1868 500 1915 F.
514 1870 648 1931 Scipionem,
666 1868 697 1914 L.
706 1868 826 1915 AEmilium

155 1932 185 1980 1.
199 1932 227 1980 F.
242 1932 346 1987 Paulum,
359 1931 388 1981 (l.
403 1934 526 1995 Sulpicium
537 1934 637 1981 Gallum.
664 1931 724 1981 Cum
735 1932 772 1979 M.
783 1931 828 1978 'Ii-

154 2000 211 2045 tinio
221 2000 325 2061 primurn,
340 1999 378 2060 qui
391 2007 477 2062 praetor
487 1999 518 2046 A.
529 1998 626 2051 Manlio,
638 1998 675 2045 M.
689 1998 759 2047 Junio
770 2010 828 2043 con-

154 2064 239 2111 sulibus
245 2065 269 2110 in
278 2064 380 2111 citeriore
388 2062 583 2127 Hispanilfuerat,
591 2068 757 2125 recuperatores
763 2076 827 2108 sum-

155 2136 240 2176 serunt.
276 2129 318 2175 Bis
336 2130 460 2190 ampliatus,
484 2129 551 2175 tertio
572 2128 687 2175 absolutus
708 2134 743 2174 est
764 2140 824 2174 reus.
880 2128 893 2151 '

155 2193 276 2241 Dissentio
283 2196 343 2241 inter
350 2188 616 2256 duarum'prorinciarum
621 2193 710 2256 legatos
717 2199 753 2239 ent
759 2198 809 2239 oria
818 2209 825 2239 r

155 2258 264 2305 citerioris
273 2258 391 2321 Hispaniae
399 2261 475 2321 popuii
483 2259 520 2306 M.
532 2257 643 2307 Catonem
652 2266 676 2304 et
685 2257 826 2319 Scipionem

155 2323 266 2370 ulterioris
277 2322 306 2370 L.
320 2322 417 2370 Paulum
433 2331 458 2371 et
474 2324 567 2371 Gallum
583 2324 705 2385 Sulpicium
719 2328 828 2384 patronos

154 2394 291 2434 sumsemnt.
327 2389 365 2435 Ad
379 2394 545 2451 recuperatores
560 2388 649 2435 adducti
663 2387 826 2434 aciterion'bns

155 2452 244 2513 populis
255 2450 283 2498 P.
295 2451 378 2499 Furius
393 2453 480 2509 Philus,
496 2456 524 2501 ab
538 2454 678 2501 ulterioribus
691 2452 728 2499 M.
740 2451 827 2498 Matie-

154 2528 206 2561 nus.
240 2515 290 2570 lile,
308 2518 347 2579 Sp.
360 2517 486 2572 Postumio,
499 2520 533 2574 Q.
542 2519 623 2567 Mucio
638 2517 771 2570 consulibus,
785 2516 827 2562 tri-

155 2580 223 2627 ennio
233 2588 292 2635 ante,
305 2583 341 2630 hic
351 2584 440 2630 biennio
454 2584 523 2646 prius,
541 2583 569 2631 I..
584 2582 710 2635 Postumio,
729 2579 826 2628 M.'Po·

154 2645 217 2707 pillio
227 2646 362 2703 eonurlibus,
377 2648 556 2711 praetort'uerat.
592 2646 738 2696 (iratissimis
751 2644 827 2693 crimi-
