1892 2909
222 85 422 137 T.L1V111as
436 77 520 137 XLl't
540 87 602 155 css
616 92 653 135 ro
727 88 774 133 16⁵

105 214 178 326 auita
190 214 287 263 ducenta
301 217 418 279 sexaginta
431 232 514 267 nors·
525 216 594 265 millia
603 226 628 265 et
637 214 782 279 quindecim..

137 292 185 327 mor
196 280 309 341 aliquanto
319 296 432 347 numerus,
444 278 500 343 ¹quia
513 281 543 328 L.
554 282 686 329 Postumius
695 280 775 329 cnnsul

106 358 148 405 pao
159 346 267 391 concione
277 346 383 400 edixerat,
399 348 436 407 qui
451 347 537 393 socidm
552 346 627 393 latin
638 346 737 393 nominis
745 359 775 391 ex

107 406 182 454 edicto·
190 406 222 461 C.
234 408 322 457 Claudii
336 412 433 459 consulis
447 413 519 459 redire
529 412 553 459 in
563 412 664 457 civitstes
674 426 726 457 suas
736 410 776 455 de-

107 472 214 527 buissent,
232 488 261 521 ne
276 475 327 535 quis
342 490 419 522 eorum
436 476 526 529 Rom,
544 474 584 521 sed
597 490 677 521 omnes
690 474 714 519 in
729 474 777 520 auis

108 536 239 592 civilatibus,
252 546 401 586 censerentur.
421 538 524 589 Concors
534 547 580 586 ete
593 555 617 586 re
626 536 714 601 publicis
721 552 776 584 cen-

110 614 161 647 sura
170 601 221 647 furit.
238 652 240 659 ,
255 602 348 658 Omnes,
360 618 416 665 quon
427 614 506 651 senatu
516 611 643 657 moverunt,
654 603 777 663 quibusque

110 676 178 727 quos
194 666 332 721 ademerunt,
352 668 441 715 cernuos
457 668 566 721 feserunt,
586 665 611 715 et
625 667 684 714 tnlsu
699 682 779 712 move-

111 736 176 785 runt;
194 744 267 791 neque
280 732 308 777 ab
320 732 389 779 altero
400 740 502 779 notatum
513 734 569 779 alter
578 732 687 795 probsvit.
721 729 778 777 Ful-

109 794 159 839 vius
169 794 248 840 cedem
265 794 373 843 Fortunae
389 796 514 858 Equestris,
534 812 601 857 quam
616 792 737 859 proconiul
752 794 777 839 in

112 856 231 919 Hispanii,
243 860 350 907 dimicans
361 877 412 907 cum
422 860 585 909 Celtilerorum
591 860 724 923 legionibus,
736 875 778 906 vo-

110 928 180 975 retnt,
201 938 272 969 nnnos
291 939 331 971 sex
349 932 466 987 postquem
485 932 585 978 voverat,
605 926 730 972 dedicas-its
754 931 779 971 et
860 927 865 935 ’

112 986 213 1033 scenicos
226 987 290 1035 ludos
305 1004 344 1050 per
359 990 509 1050 quatriduum,
526 1005 596 1037 unum
610 990 670 1042 diem
683 990 707 1035 in
718 989 778 1035 ciroo
792 1040 796 1045 .

111 1049 172 1097 feeit
207 1050 236 1097 L
251 1050 370 1100 Comelius
387 1052 506 1107 Lentulus,
526 1054 639 1104 decemvir
655 1068 777 1106 sacrorum,

112 1126 141 1160 en
149 1130 210 1162 enno
221 1125 322 1163 mortuus
330 1126 376 1165 est:
393 1120 417 1164 in
425 1119 500 1167 locum
508 1119 556 1181 ejus
564 1116 670 1167 suffectus
678 1117 709 1163 A.
719 1116 779 1162 Pos-

111 1180 196 1227 tumius
215 1181 318 1228 Albinus.
353 1181 504 1234 Locustarnm
521 1189 592 1235 tnntae
610 1182 679 1232 nubes
695 1196 709 1227 s
723 1180 780 1226 mari

111 1252 181 1291 vento
192 1254 283 1306 repente
293 1247 317 1292 in
328 1246 433 1309 Apuliam
447 1248 517 1293 illatae
531 1253 591 1300 sunt,
606 1253 633 1292 ut
642 1244 781 1297 examinibus

112 1320 242 1429 lim?
257 1310 303 1423 ¹515.
315 1307 787 1438 gnrrsfssrgtrllmffl

111 1438 174 1498 perio
184 1439 208 1484 in
219 1439 325 1500 Apuliam
335 1440 423 1493 missus,
436 1440 523 1502 ingenti
531 1439 621 1501 agmine
628 1437 744 1483 homiuum
751 1436 787 1486 sd.

111 1502 249 1565 colligendas
258 1520 297 1550 ens
306 1512 392 1558 coacto,
405 1506 542 1565 aliquantum
549 1502 656 1564 temporis
664 1500 778 1548 absumsit.

111 1564 250 1629 Principium
261 1570 397 1629 insequentis
408 1569 467 1622 anni,
484 1584 529 1629 quc
546 1566 575 1616 C·
586 1566 695 1628 Popillius
710 1573 733 1613 et
748 1564 778 1611 P.

111 1628 188 1680 Allius
195 1630 289 1685 'filerunt
299 1634 409 1687 consules,
422 1633 520 1681 residuas
530 1632 684 1685 contentiones
694 1646 723 1678 ex
734 1630 781 1692 pri-

112 1709 154 1741 ore
160 1710 221 1742 snno
231 1698 314 1745 habuit.
350 1697 429 1745 Patres
440 1697 517 1745 referri
527 1698 555 1745 de
566 1696 695 1759 Ligurius,
712 1710 780 1748 reno·

112 1760 204 1821 uanique
215 1763 444 1811 senatus-consultum
454 1762 566 1815 volebant,
581 1769 605 1807 et
615 1762 694 1810 consul
704 1760 781 1807 AElius

110 1823 232 1872 neferebat.
267 1825 376 1889 Popillius
386 1835 409 1874 et
418 1828 528 1888 collegam
539 1838 563 1873 et
573 1834 674 1873 senatum
684 1842 726 1888 pro
736 1826 782 1873 fra-

111 1902 147 1935 rre
157 1890 329 1951 deprecabatur5
344 1906 392 1953 prae
406 1907 430 1938 se
444 1891 525 1945 ferens,
542 1891 613 1951 siqui
627 1892 780 1944 decernerent

111 1958 294 2009 mlercessurum
306 1956 416 2017 collegam
426 1956 540 2002 deterruit
572 1953 658 2007 Patres,
670 1970 698 2001 eo
708 1955 782 2015 magis

109 2016 206 2080 iutaique
215 2021 297 2081 pariter
308 2021 424 2073 consulum
432 2020 520 2073 infensi,
532 2020 555 2065 in
563 2026 638 2080 coepto
645 2019 780 2079 perstabant.

113 2079 199 2145 ltaque,
219 2099 271 2131 cum
288 2085 316 2131 de
331 2085 450 2146 provinciis
466 2092 578 2145 ageretur,
598 2091 621 2129 et
638 2081 781 2135 Macedonis,
792 2132 810 2149 Ι,

108 2146 157 2211 jam
168 2148 298 2196 imminente
312 2149 389 2196 Persei
403 2150 469 2203 bello,
485 2156 605 2210 peteretur,
621 2146 720 2208 ligures
734 2161 783 2193 am·

111 2211 183 2259 bobus
197 2215 324 2261 oonsulibus
340 2214 497 2268 decernuntur.
532 2211 690 2259 Macedoniam
706 2212 783 2259 decre-

114 2283 177 2323 turos
191 2288 282 2340 negant,
301 2279 323 2325 ni
338 2279 366 2325 de
380 2278 416 2328 Μ.
428 2277 525 2338 Popillio
536 2276 662 2324 referretur.
698 2274 790 2325 Poanrs

113 2340 209 2389 lentibus
220 2343 306 2397 deinde,
323 2350 349 2390 ut
359 2358 431 2399 noros
441 2342 554 2389 exercitus
564 2342 666 2393 scribere,
679 2347 718 2386 nul
729 2356 782 2402 aup-

114 2404 251 2467 plernentum
266 2409 378 2457 veteribus
392 2408 476 2459 liceret,
492 2413 611 2467 utrumqne
620 2411 727 2466 negatum
738 2411 781 2452 est·

117 2468 253 2529 Praetoribus
268 2489 357 2535 quoque
370 2473 394 2517 in
410 2471 543 2532 Hispaniam
555 2470 733 2531 supplementum
744 2483 785 2529 pe·

116 2536 214 2585 uncum
225 2544 345 2601 negatum:
366 2535 485 2585 M.Jun·10
497 2536 523 2581 in
537 2535 669 2589 citeriorem,
686 2532 795 2602 Sngu-v
