1892 2909
262 114 291 162 Τ.
305 114 392 165 mvn
410 118 463 166 Lu.
478 118 534 167 llll.
553 118 615 170 Car.
626 125 669 170 sl.
771 132 804 179 89

123 244 185 293 tillio
195 245 287 308 praetori
297 246 426 310 nujorique
439 250 497 310 perti
511 250 650 299 tribunort'un
660 247 731 315 plebi·
741 256 804 304 vidc-

124 316 196 364 retur,
209 312 302 358 dmniuo
311 328 361 359 esse
372 314 511 361 solvendum
516 313 531 334 ’'
562 314 591 362 Id
601 318 672 365 scriba
682 334 728 366 non
738 336 804 369 ecce-

123 376 173 439 pit:
192 376 276 422 libriin
288 376 386 432 comitib,
404 379 458 441 igne
468 394 483 425 a
492 379 622 428 victimariis
627 382 698 438 dacto,
712 385 736 431 in
747 402 803 434 con-

124 448 205 503 spectu
216 442 293 503 populi
304 443 396 489 cretumi
407 450 466 490 sunt
474 457 485 473 ·'
497 454 501 460 ‘

159 504 246 551 XXX.
272 506 386 569 Magnum
399 509 489 556 'bellum
508 506 535 556 eb
556 517 636 557 aestate
655 519 757 560 mortum
776 516 800 563 in

124 568 240 633 Hirpauii
260 572 368 619 citeriore.
407 572 447 619 Ad
465 575 563 635 quinque
580 583 605 622 et
622 576 715 638 triginta
732 580 802 629 millia

122 636 244 681 bominum
262 637 380 699 (quantum
388 652 506 699 nunquam
515 639 588 687 ierne
597 638 674 701 amen)
693 640 800 691 Celtiberi

122 708 317 763 comparaverant·
353 701 386 756 Q»
399 702 495 749 Fuluius
504 703 606 751 'Flaccus
623 718 673 752 eam
687 708 800 757 obtinebat

122 766 264 828 provinciam
273 772 281 813 ι’
302 766 330 819 is,
347 767 399 827 quin
415 779 501 814 emrare
511 770 655 830 juventutem
673 768 797 821 Celtiberos

123 830 233 884 audierat,
246 836 270 877 et
280 830 335 892 ipse,
350 839 433 892 quanta
442 840 537 894 poterat,
552 835 644 881 atoma
652 836 734 883 auxilia
744 854 799 885 con-

123 902 242 953 traxeram
268 896 307 941 sed
324 894 462 957 nequiquam
482 907 577 945 numero
593 900 690 946 rnilitum
709 902 797 949 bostem

123 960 245 1021 aequalem-¹
272 958 385 1022 Principio
399 962 459 1009 veris
473 963 595 1009 exereitum
605 965 629 1009 in
640 963 796 1028 Carpetaniam

123 1024 198 1079 duxit,
214 1032 238 1072 et
247 1031 321 1071 eastra
330 1026 413 1073 lecerit
422 1027 451 1073 ed
461 1027 565 1089 oppidum
577 1027 693 1083 AEburam,
707 1032 796 1080 modico

121 1089 265 1153 presidlo'iu
272 1090 327 1136 urbe
334 1092 414 1155 posito.
441 1090 523 1139 Paucis
532 1099 584 1154 pust
595 1092 670 1140 diebirs
682 1092 795 1152 Celtiberi,

123 1154 196 1201 millia
214 1154 260 1201 duo
272 1153 346 1201 terme
360 1155 419 1209 inde,
440 1157 481 1202 rub
497 1157 554 1203 colle
569 1164 691 1218 posunerunt
707 1168 792 1207 mna:

122 1230 183 1283 qnos
194 1220 232 1266 ubi
243 1218 320 1267 adesse
329 1226 413 1281 praetor
423 1220 541 1268 Romanus
551 1222 627 1275 sensit,
641 1221 678 1268 Μ.
689 1221 795 1271 Fulvium

120 1285 218 1332 tratrem
229 1298 281 1331 cum
292 1284 376 1331 duabus
385 1286 464 1333 turmis
475 1286 586 1333 sociorum
597 1286 696 1347 equitum
706 1288 734 1334 sd
746 1304 795 1335 cus-

123 1348 272 1397 tra'bostiun'r
288 1350 424 1410 speculatum
438 1350 506 1405 misit,
523 1361 589 1412 quern
603 1350 705 1412 proudme
718 1366 795 1400 succe

123 1414 179 1461 dere
195 1414 224 1461 sd
241 1413 335 1460 vellum
339 1414 435 1477 jussum,
455 1422 483 1461 ut
496 1415 584 1469 viseret,
604 1422 687 1476 quantu
702 1424 793 1475 essent3

123 1476 204 1543 pugni
214 1478 339 1533 abstineret,
355 1479 505 1541 reciperetque
519 1492 575 1532 sese,
592 1479 720 1526 sibostium
731 1481 793 1541 equi-

124 1550 199 1591 tatum
215 1544 447 1590 exeuntem'vidssct
473 1542 525 1598 lta,
544 1550 570 1590 ut
584 1550 720 1605 preceptum
736 1552 791 1599 erat,

122 1608 186 1655 iecit.
223 1608 268 1655 Per
282 1609 328 1655 dies
343 1608 426 1669 aliquot
439 1608 494 1655 nihil
505 1608 564 1655 uiua
576 1614 670 1661 motum,
687 1604 752 1668 quim
767 1616 793 1656 ut

124 1674 163 1720 lue
182 1672 234 1720 duae
252 1680 333 1719 turmae
349 1674 523 1733 ostenderentur,
544 1672 595 1719 dein
611 1671 790 1729 subducerentur,

124 1738 164 1785 ubi
178 1738 290 1799 equitatus
301 1738 399 1784 bostium
414 1739 492 1784 castris
502 1737 698 1798 procucurrissent.
734 1736 792 1785 Pos-

124 1809 199 1850 tremo
214 1800 326 1857 Celtiberi,
344 1803 445 1849 omuibus
459 1802 526 1848 simul
536 1802 636 1863 pediturn
650 1802 793 1863 equitumque

126 1867 288 1929 eopiircastrts
295 1867 386 1929 egressi,
402 1868 449 1914 scie
463 1865 710 1914 directd·medinierme
719 1868 792 1929 spatio

125 1932 185 1979 inter
199 1932 252 1977 bina
265 1940 337 1979 castra
350 1932 504 1979 constitenmt.
539 1929 639 1993 campa
652 1938 700 1978 erat
712 1930 792 1992 planus

125 1996 200 2044 omnis
210 2002 234 2043 et
247 2004 311 2058 aptus
320 2000 420 2059 'pugnet
442 1993 472 2043 ibi
487 1993 568 2042 stetere
578 1996 686 2057 'Hispani
703 1996 791 2041 bostem

124 2068 287 2123 exspectantes
321 2060 440 2107 Romanus
452 2062 512 2107 iutra
524 2060 607 2107 vallum
619 2075 672 2107 suos
682 2059 793 2106 continuit

125 2140 167 2191 per
181 2125 320 2187 quatridtluni
335 2126 478 2189 cbntinuurii':
497 2131 521 2172 et
529 2124 562 2171 illi
572 2124 650 2171 eodem
660 2124 711 2171 loco
720 2123 791 2171 eei-

125 2190 258 2237 lbetructern
269 2194 411 2237 'tenuerunt'
438 2188 603 2237 autumaris
618 2188 673 2235 mlril
688 2195 789 2236 motum:

125 2256 178 2303 inde
192 2252 297 2316 quievere
310 2257 334 2301 in
347 2255 424 2302 castris
439 2254 553 2308 Celtiberi,
567 2255 619 2315 quia
630 2268 715 2317 pugnae
729 2252 793 2315 copia

125 2334 174 2368 uon
184 2320 262 2367 flebat:
281 2322 367 2383 equites
380 2326 467 2367 tautum
481 2322 506 2367 in
520 2318 637 2366 stationem
647 2317 791 2382 egredieban-

126 2392 172 2441 tur,
192 2392 217 2433 ut
234 2387 304 2448 parati
322 2392 404 2439 essent,
425 2385 443 2432 si
461 2386 514 2446 quid
532 2385 560 2432 ub
574 2385 639 2430 hoste
653 2390 789 2431 moreretur.

126 2449 193 2498 Pone
211 2458 283 2498 castre
300 2451 387 2512 utrique
405 2450 532 2512 pabtdatum
551 2456 574 2496 et
591 2448 701 2512 lignatum
720 2447 789 2501 ibunt,

124 2515 200 2562 neutri
210 2515 291 2563 alteros
300 2516 451 2578 impedentes.

158 2578 258 2627 XXXL
273 2578 369 2628 Praetor
384 2580 510 2632 Romanus,
529 2577 567 2623 ubi
585 2576 639 2625 setis
655 2582 692 2623 tot
705 2575 791 2621 diemm

118 2645 200 2708 quiete
217 2644 310 2693 credidit
325 2660 389 2708 spem
403 2643 484 2691 lectam
499 2642 566 2695 boeti,
585 2641 641 2687 nibil
655 2654 682 2687 ae
695 2639 791 2701 priorem

120 2710 125 2715 ”
522 2721 532 2751 1
547 2709 563 2751 8
