1892 2909
218 106 349 161 mvn
363 106 419 157 Ln-
433 103 561 155 XXXIX.
580 105 642 156 Cu.
657 110 695 156 la.
759 114 791 159 ις
863 137 866 143 .

15 200 17 255 i
113 248 207 308 partein
216 241 298 299 edium
309 239 434 291 abductam,
450 252 517 285 aooru
527 234 632 293 adhibiti,
643 238 730 292 conoul.
743 238 795 285 “Si

15 350 16 357 ,
116 324 175 359 vera
184 303 510 355 dioereinducereinanimum
518 302 620 364 poss&
632 310 708 365 nega,
721 310 797 365 “Pe'‘

15 388 16 411 r
113 372 202 429 turbari
213 370 306 420 debere:
325 369 392 415 fidem
403 368 464 415 vela
478 367 583 429 Sulpicii,
599 369 638 415 tali
653 366 744 422 femina,
758 368 797 415 vd

15 442 16 445 ’
114 441 144 487 al>
155 455 181 487 ae
191 439 316 499 acciperet:
335 441 480 495 expromeret
488 433 536 485 ribi,
550 449 601 494 quae
613 434 635 478 in
646 433 697 480 luco
709 433 796 481 Simu„

109 502 295 555 Bacchanalibus
305 500 329 545 in
340 514 404 546 sacro
412 504 524 545 nocturno
532 499 629 545 solerent
637 497 712 545 lieri.”
738 497 794 547 Hoc
868 505 871 510 ’

110 570 152 616 ubi
163 568 257 620 audivit,
269 573 346 612 tantur
353 580 424 626 pavor
434 570 564 624 tremorque
573 564 674 609 omnium
682 564 795 610 membro·

112 632 297 682 rummulierem
308 630 374 691 oepit
390 636 416 675 ut
430 629 467 675 diu
480 628 566 675 hiscere
576 643 623 675 non
633 635 723 689 poaaet:
743 636 794 675 tan-

111 701 167 748 dem
179 697 320 748 confirmata,
338 701 353 723 “
361 694 458 756 puellam
470 693 589 739 admodum
602 708 626 739 ee
637 693 741 740 ancillam
751 693 796 739 ini-

111 767 194 813 tiatam
211 777 264 809 oum
282 756 397 812 domiui,”
414 758 457 803 ait:
485 758 598 819 “aliquot
613 759 685 812 annia,
703 773 734 808 ex
748 773 794 819 quo

110 829 261 879 mammisea
271 826 306 879 sit,
325 824 387 878 nihil
404 823 458 883 (prid
472 823 503 868 ibi
518 822 563 876 liat,
585 821 668 869 seire.”
700 822 754 871 Jam
770 822 795 869 id

111 896 189 959 ipsum
204 891 287 940 consul
299 889 395 942 laudare
413 902 466 947 culn
483 887 592 935 initiatam
607 904 633 935 ae
647 903 693 934 non
709 888 795 935 inficia-

112 969 194 1009 returt
214 958 293 1004 sedet
308 961 391 1001 eaetera
405 950 484 999 eidem
498 952 543 999 fide
559 960 708 1015 expromeret.
743 952 794 1000 No-

112 1026 179 1089 ganti
189 1024 250 1070 ultra
260 1020 381 1081 quidquam
396 1018 460 1071 scire,
480 1024 551 1062 “non
566 1016 693 1072 eamdem,’'
710 1019 792 1073 dicere,

113 1092 159 1139 “ei
170 1093 308 1149 ooarguatur
319 1084 347 1130 ab
357 1084 407 1135 alio,
424 1097 451 1129 ac
462 1097 504 1143 per
517 1096 543 1128 ae
552 1081 637 1137 fatenti,
654 1082 744 1130 veniam
754 1091 794 1130 aut

110 1152 285 1268 ngfpre:
305 1163 357 1197 eum
367 1148 410 1195 eibi
423 1147 500 1193 omnia
515 1149 652 1209 exposuisse,
668 1149 707 1209 qui
717 1149 746 1195 ab
756 1146 795 1197 illi

112 1236 142 1269 au

144 1282 224 1331 XIII.
242 1280 335 1333 Mulier,
347 1278 480 1325 hauddubie
492 1277 594 1342 (idquod
601 1274 660 1337 erat)
672 1276 792 1325 AEbutium

109 1351 210 1399 indicem
221 1346 297 1394 arcani
308 1351 356 1393 rata
368 1358 424 1398 ease,
441 1343 469 1389 ad
482 1342 551 1404 pedea
566 1341 671 1403 Sulpiciae
688 1344 790 1405 procidit.

110 1424 135 1464 et
152 1430 204 1463 eam
221 1412 295 1475 primo
312 1425 375 1457 orare
391 1408 466 1469 eoepit,
487 1414 503 1436 ‘⁴
514 1406 554 1453 Ne
567 1407 667 1453 mulieris
681 1408 792 1463 libertina

111 1496 164 1529 eum
175 1485 278 1527 amatore
288 1488 415 1523 sermonem
425 1474 450 1519 in
461 1487 509 1519 rem
519 1486 566 1517 non
574 1472 654 1517 aeriam
663 1473 738 1526 morlo,
751 1470 791 1520 aed

112 1545 232 1609 capitalem
243 1542 318 1594 etiam,
333 1539 391 1587 verti
401 1538 484 1587 vellet:
503 1551 536 1591 ae,
548 1536 644 1583 terrendi
655 1539 704 1599 ejua
714 1536 789 1591 mum,

111 1626 159 1661 non
176 1624 222 1671 quo
239 1608 306 1655 sciret
322 1604 449 1667 quidmam,
470 1617 497 1649 ea
513 1602 611 1649 locutam
630 1601 707 1649 ease.”
740 1600 789 1649 Hie

111 1674 246 1725 Postumius
256 1684 364 1719 accensus
374 1666 414 1722 iri.
432 1674 448 1697 ‘⁴
455 1666 518 1714 Tum
528 1664 643 1728 quoque,”
657 1668 696 1721 ait,
714 1674 730 1697 “
739 1680 790 1714 eam

109 1756 164 1797 eum
172 1738 270 1787 AEbutio
278 1752 303 1783 se
311 1741 410 1783 amatore
417 1732 516 1779 cavillari
525 1732 621 1785 credere,
634 1745 680 1777 non
688 1732 711 1779 in
720 1732 788 1780 domo

109 1804 254 1871 gmviasimae
265 1801 356 1848 feminae
367 1806 452 1846 etcum
464 1798 557 1844 consule
567 1796 628 1857 loqui
635 1796 662 1841 :¹'
678 1804 703 1844 et
713 1796 791 1859 Sulpi-

110 1873 146 1923 ,oia
156 1869 260 1917 attollere
273 1872 407 1929 paventem3
428 1863 495 1909 simul
508 1862 569 1908 illam
584 1861 703 1916 adhortari,
721 1862 790 1909 simul

111 1936 168 1983 iram
179 1933 259 1997 generi
268 1932 345 1979 lenire.
380 1926 484 1975 Tandem
494 1926 633 1980 confirmata,
645 1927 741 1973 multum
752 1927 790 1971 in-

110 1998 190 2049 curata
204 1995 299 2061 perfidid
313 1994 407 2049 AEbutii,
425 1992 463 2054 qui
478 1992 558 2055 optimi
570 1992 595 2039 in
609 2007 637 2038 eo
651 1992 700 2053 ipao
713 1992 789 2039 meriti

110 2068 179 2113 talem
190 2064 287 2127 gratiam
298 2061 416 2113 retulisset,
431 2058 569 2120 “Magnum
579 2057 621 2103 aibi
628 2063 714 2103 metum
722 2054 789 2104 Deo-

111 2146 170 2184 rum,
182 2142 279 2190 quorum
290 2126 378 2173 occulta
387 2122 451 2171 initia
461 2124 594 2176 enuntiaret,
611 2122 718 2184 majorem
728 2122 789 2169 mul-

110 2194 162 2250 to,”
179 2194 244 2246 dixit,
261 2199 277 2222 “
285 2191 402 2237 hominum
418 2203 474 2251 erae,
491 2188 529 2249 qui
543 2203 568 2234 ae
578 2186 674 2233 indicem
684 2187 788 2237 manibus

111 2262 159 2309 auis
177 2257 309 2319 discerpturi
328 2260 410 2303 essent.
448 2251 530 2313 Itaque
548 2253 593 2299 lroe
612 2267 637 2299 ae
656 2251 787 2315 Sulpiciam,

109 2328 154 2374 lroc
166 2323 282 2371 eonardem
293 2336 364 2374 orare,
378 2326 404 2365 ut
414 2334 438 2367 ae
449 2325 513 2365 extra
525 2317 614 2365 Italiam
624 2316 698 2377 aliquo
708 2332 788 2365 aman.

110 2392 198 2453 darent,
212 2388 248 2434 ubi
259 2387 367 2447 reliquum
378 2385 432 2431 vitae
443 2384 525 2445 degere
533 2389 584 2429 tuto
591 2380 696 2443 poaaet'?
717 2380 787 2431 Bono

109 2457 186 2509 animo
206 2468 256 2499 ease
270 2452 350 2514 jubere
366 2464 415 2497 eam
434 2448 521 2502 consul,
541 2456 571 2502 et,
592 2447 633 2493 ribi
652 2461 713 2493 curae
727 2446 785 2502 fore,

110 2521 193 2573 dicere,
209 2525 235 2565 ut
249 2516 333 2564 Romae
347 2522 396 2561 tuto
410 2514 526 2561 habitaret.
561 2510 623 2558 Tum
634 2509 788 2571 Hiapalaori-

108 2588 188 2651 ginem
207 2596 321 2629 raetorum
340 2578 458 2642 expromit.
498 2575 605 2622 “Primo
624 2574 744 2621 namatium
763 2572 788 2617 id

109 2651 245 2703 {minarum
261 2646 337 2703 fuiaae,
354 2660 399 2694 neo
413 2657 549 2706 quemquam
566 2640 642 2691 vuum
655 2654 684 2687 eo
697 2632 786 2684 admitti

142 2728 196 2765 ,Οἴη
208 2728 232 2762 V·
541 2719 556 2751 0
