1892 2909
170 118 221 166 ³54
301 95 728 162 T.'n1v111.n‘xnv.cir.³sa

161 251 191 298 et,
209 243 238 291 ad
251 255 351 306 pugnam
366 257 420 304 rege
434 249 521 297 coacto,
538 241 651 289 adeviei:
671 241 853 292 Macedoniam

155 309 185 356 in
195 315 330 370 potestatem
340 309 416 370 populi
426 307 526 354 Romani
537 307 620 368 redegi,
631 314 662 360 et,
674 308 734 368 quod
744 309 839 356 bellum

160 389 201 436 per
215 374 383 434 quadriennium
394 379 489 434 quatuor
503 380 556 419 ante
569 387 608 418 me
620 373 725 419 eonsules
734 373 768 420 ita
780 391 846 436 ges-

162 445 247 492 serunt,
270 446 295 485 ut
313 454 400 500 semper
419 438 541 483 successori
559 437 672 483 traderent
690 439 794 499 gravius,
812 440 840 485 id

162 518 207 566 ego
222 503 347 564 quindecim
362 503 437 549 diebus
452 502 542 564 perfeci.
576 501 680 548 Aliamm
697 503 779 549 deinde
798 519 840 550 se-

162 569 284 615 cundarum
296 583 369 615 rerum
380 567 442 614 velut
453 573 575 628 proventus
585 574 684 614 secutus.
719 565 839 615 OEvitate·

162 647 241 681 omnes
256 633 398 680 Maeedoniae
412 647 437 678 se
450 632 595 688 dediderunt3
612 647 673 693 gaza
682 633 780 693 regiain
792 649 839 694 po-

161 704 265 745 testatem
273 698 349 756 venit3
362 711 401 744 rex
411 697 465 758 ipse,
478 696 615 743 tradentibus
625 711 695 758 prope
705 697 759 758 ipsis
768 697 836 751 Diis,

160 762 184 809 in
196 763 279 824 templo
291 763 459 810 Samothracum
470 777 522 808 eum
531 761 606 808 hberis
613 767 649 807 est
656 769 741 823 eaptus.
770 761 837 808 Mrbi

160 841 250 888 quoque
257 828 299 888 ipsi
309 828 430 890 nimiaJam
441 826 531 874 fortuna
540 841 591 872 mm
607 826 684 879 sideri,
702 841 777 887 eoque
794 843 836 873 su-

161 900 237 954 specta
247 907 303 938 esse.
339 891 412 938 Maris
429 891 527 954 pericula
544 891 624 938 timere
642 891 708 952 coepi,
725 892 750 937 in
766 890 837 938 tanti

161 954 255 1019 peeunii
266 954 328 1019 regii
338 957 361 1003 in
377 955 465 1002 Italiam
479 953 613 1018 trajiciendi.
631 963 655 1002 et
668 956 755 1002 victore
764 971 837 1004 exer-

161 1022 208 1068 citu
224 1022 402 1084 transportando.
438 1019 562 1081 Postquam
579 1020 655 1066 omnia
673 1021 772 1068 secundo
791 1037 836 1068 na·

161 1087 224 1134 vium
235 1101 301 1133 cursu
312 1087 335 1132 in
347 1085 434 1133 Italiam
445 1093 602 1147 pervenerunt,
619 1100 692 1146 neque
703 1093 758 1140 erat,
770 1088 835 1146 quod

162 1153 221 1199 ultra
231 1166 338 1214 precarer,
351 1151 405 1197 illud
416 1151 497 1213 optavi,
515 1158 548 1204 nt,
565 1165 617 1197 cum
628 1165 658 1196 ex
668 1165 757 1196 summo
768 1160 834 1198 retro

161 1218 223 1264 volvi
231 1216 321 1263 fortuna
331 1213 467 1270 consuisset,
479 1215 626 1263 mutationem
634 1217 683 1278 ejus
691 1215 771 1262 domus
779 1232 835 1264 mea

161 1283 243 1344 potius,
255 1297 322 1342 quam
333 1281 461 1342 respublica,
474 1281 573 1327 sentiret.
608 1278 688 1341 ltaque
700 1279 834 1328 defunctam

162 1361 212 1394 esse
225 1346 338 1393 fortunam
353 1346 462 1407 publicam
477 1343 528 1391 mei
542 1353 589 1391 tam
604 1345 688 1406 insigni
703 1346 835 1397 calamitate

161 1427 241 1474 spero;
258 1412 318 1472 quod
329 1411 453 1472 triumphus
464 1425 534 1463 meus,
552 1411 615 1457 velut
625 1410 653 1456 ad
662 1410 781 1457 ludibrium
793 1427 836 1459 oa·

162 1492 227 1524 suum
242 1478 397 1529 humanorum,
414 1475 500 1522 duobus
513 1473 627 1521 funeribus
637 1475 756 1521 liberorum
766 1491 836 1523 meo-

67 1556 69 1560 ·
161 1541 418 1602 rumestinterpositus.
453 1538 494 1593 Et,
508 1555 560 1586 cum
571 1555 616 1602 ego
626 1547 649 1586 et
661 1539 757 1586 Perseus
768 1556 834 1589 nune

161 1607 242 1654 nobilia
252 1607 350 1652 maxime
361 1606 426 1651 sortis
436 1604 563 1651 mortalium
574 1604 676 1666 exempla
686 1613 832 1666 spectemur3

160 1671 204 1724 ille,
223 1671 260 1732 qui
275 1678 327 1717 ante
340 1685 364 1716 se
378 1669 485 1731 captivos,
502 1670 604 1730 captivus
613 1671 667 1731 ipse,
685 1669 737 1715 duci
746 1670 833 1718 liberos

159 1735 223 1788 vidit,
239 1735 363 1782 incolumes
380 1742 454 1781 tamen
469 1750 509 1781 eos
523 1735 603 1781 babet:
622 1749 674 1796 ego,
691 1734 774 1794 quide
789 1735 834 1782 illo

161 1800 302 1862 triumphavi,
320 1800 347 1846 ab
361 1799 451 1846 alterius
465 1799 543 1846 funem
556 1799 595 1846 filii
609 1815 677 1846 curru
687 1799 710 1844 in
722 1796 834 1862 [Capito-

160 1865 222 1918 lium.
247 1865 274 1910 ad
298 1863 403 1930 alterum]
427 1879 456 1912 ex
477 1862 590 1926 Capitolio
603 1879 674 1926 prope
686 1866 735 1926 J'am
752 1866 832 1926 exspi-

161 1939 247 1977 rantem
257 1930 322 1976 veni:
342 1932 413 1992 neque
423 1944 452 1976 ex
463 1927 526 1976 tanti
536 1930 605 1990 stirpe
613 1928 706 1976 liberum
718 1937 830 1990 superem,

159 1996 197 2056 qui
209 1995 238 2042 L.
249 1995 337 2042 AEmilii
350 1994 414 2042 Pauli
425 2009 507 2041 nomen
517 1994 582 2041 ferat.
611 1993 680 2041 Duos
690 1994 758 2047 enim,
770 2002 831 2040 tam-

159 2075 226 2122 quam
242 2075 271 2107 ex
287 2057 370 2122 magni
386 2061 494 2122 progenie
501 2060 628 2116 [liberorum
644 2059 670 2118 in
685 2059 829 2120 adoptionem

159 2126 229 2179 datos,
244 2123 350 2174 Cornelia
357 2132 380 2171 et
391 2123 460 2172 Fabia
470 2140 527 2188 gens
537 2125 619 2171 babent
625 2141 633 2182 ς
646 2121 711 2170 Pauli
718 2124 742 2169 in
751 2123 828 2179 domo,

157 2198 241 2252 praeter
255 2207 286 2244 se,
304 2205 371 2236 nemo
386 2197 493 2252 superest.
529 2188 641 2236 Sedlrano
652 2189 736 2236 cladem
748 2189 830 2236 domus

159 2269 216 2301 rneae
231 2263 306 2302 vestra
319 2255 413 2303 felicitas
428 2263 450 2303 et
462 2254 559 2302 secunda
572 2253 662 2300 fortune
675 2254 763 2317 publiea
772 2268 829 2300 eon-

159 2319 270 2366 solatore·
518 2344 522 2357 ·

191 2381 275 2429 XLII.
296 2383 363 2438 Haee,
381 2391 445 2432 tanto
456 2386 514 2432 dicta
525 2384 607 2438 animo,
621 2383 695 2446 magis
705 2381 828 2431 confodite

158 2445 294 2492 audientium
310 2449 404 2504 animos,
421 2464 489 2510 quam
507 2449 525 2495 si
541 2449 694 2496 miserabiliter
709 2450 826 2494 orbitatem

60 2549 63 2557 ,
157 2525 220 2556 suam
232 2510 334 2558 deflendo
344 2513 433 2560 locutus
444 2520 511 2560 esset.
546 2512 591 2562 Cn.
601 2512 710 2560 Octavius
721 2511 827 2560 Calendis

156 2573 320 2628 Decembribus
341 2577 369 2622 de
391 2593 445 2639 rege
464 2577 549 2624 Perseo
567 2577 669 2624 navalem
689 2577 825 2638 triumphum

156 2637 211 2698 egre·
247 2635 271 2684 la
290 2639 415 2702 triumphus
432 2643 482 2690 sine
500 2643 593 2706 captivis
607 2642 658 2696 fuit,
676 2643 727 2688 sine
740 2643 822 2704 spoffi.
904 2666 906 2670 -
