1892 2909
227 122 256 171 Τ.
270 122 357 171 invii
373 122 426 171 Lis.
439 123 495 171 XL.
514 121 575 173 Cer.
590 130 628 171 Μ’.
730 128 763 173 78

94 262 148 299 cum
163 254 324 307 concurrimus,
341 259 365 299 et
378 252 467 313 quidem
477 253 512 316 (si
527 252 580 301 Diis
589 250 673 316 plicet)
683 253 765 301 lustru·

95 317 184 363 tionum
194 317 233 363 die
241 318 354 364 occidere:
373 318 441 371 volui,
458 332 510 365 cuin
520 318 548 365 ad
562 332 649 365 cinnam
663 318 765 372 invitavi

95 396 184 429 veneno
196 381 281 427 scilicet
292 382 381 429 toliere:
395 382 463 435 volui,
476 397 527 428 cum
535 384 678 429 comissatum
685 383 766 444 gladiis

96 446 241 493 accinctiine
254 446 324 491 secuti
340 453 398 499 sunt,
415 445 474 493 serio
488 446 617 493 interficere
646 446 766 507 ÷Tnpora
866 438 871 449 ⁴

96 510 188 572 quidem
200 510 273 569 qualia
281 510 326 555 sint
332 510 363 555 ed
370 510 508 572 parricidium
517 512 593 564 electu,
605 510 680 557 vident
693 511 764 565 lusis,

97 574 203 627 convivii,
215 574 391 620 comissationis:
419 574 499 628 Quini
509 576 557 621 dies
567 574 654 635 qualis?
665 589 709 634 quo
719 574 767 621 iiis·

97 644 168 687 tratus
179 638 299 712 exercitiu,
311 653 355 699 quo
365 639 424 684 inter
434 639 526 685 divisam
536 640 656 691 victimam
668 638 766 699 praehtis

97 702 208 755 ninnium,
220 702 259 761 qui
270 717 366 761 unquam
376 699 445 755 fuere,
458 702 599 749 Macedoniae
609 718 688 764 regum
699 702 767 749 armis

97 766 174 835 negiie,
192 766 237 813 duo
254 766 295 811 soli
311 772 350 811 tun
365 772 466 827 tegentes
482 767 557 820 litere,
574 773 643 828 pater,
660 765 767 876 praevecti

12 822 14 859 ἶ
98 844 185 883 erimus,
202 836 227 875 et
245 836 346 875 secutum
364 836 399 875 est
417 830 569 876 Macedonum
587 830 738 892 sgnum'H

97 909 150 955 ego,
168 894 238 939 etism
253 893 271 939 si
285 893 338 952 quid
352 899 404 941 crite
417 893 554 940 admisissem
559 895 651 955 piaculo
664 895 766 970 dignum,

91 958 207 1013 humenis
218 964 242 1003 et
252 956 352 1017 expiatus
366 972 436 1010 sacro,
453 963 502 1003 tum
512 972 563 1003 cum
573 959 671 1010 menime
680 960 713 1004 in
710 960 769 1006 iios·

94 1022 154 1074 tiam
167 1022 242 1069 itineri
253 1028 329 1067 nostro
339 1020 512 1067 circumdatam
505 1029 602 1075 intuens,
619 1023 766 1084 parricidium,

98 1100 195 1139 venena,
212 1085 329 1147 ςιιιιιίοι,Ι
323 1098 346 1131 ιιι
357 1086 534 1131 comissan'onem
544 1094 686 1147 prsepnrutos,
703 1088 768 1133 voiu-

99 1150 198 1200 tabani
192 1164 214 1195 ui
232 1150 319 1195 animo.
339 1156 363 1194 ut
379 1150 458 1209 quinus
473 1149 523 1195 sliis
537 1150 616 1196 ddnde
632 1151 699 1197 sacris
713 1165 769 1197 con·

99 1215 232 1265 tunicatam
244 1214 305 1261 omni
315 1214 397 1259 scelere
407 1219 506 1259 mentem
516 1214 645 1275 espinremi
668 1214 714 1261 Sed
723 1230 770 1261 cai·

96 1295 141 1327 ciis
149 1277 281 1331 criminandi
288 1277 406 1339 cupiditate
414 1278 506 1330 animus,
519 1278 572 1325 duni
582 1279 657 1324 omnia
667 1286 769 1339 suspecta

95 1344 191 1397 ffieere
201 1342 258 1396 vult,
276 1342 334 1387 aiiud
344 1342 386 1388 alio
397 1341 525 1389 coriiunditz
543 1356 603 1395 nam,
618 1343 637 1389 si
647 1357 735 1389 veneno
745 1351 770 1392 te

94 1408 160 1461 ‚inter
179 1420 268 1453 coensm
286 1406 364 1460 toliere
381 1405 449 1460 volui,
466 1406 519 1466 quid
536 1407 611 1453 minus
625 1413 702 1467 aptum
716 1404 789 1459 iiiit'

100 1486 170 1533 quain
182 1470 288 1531 pertinaci
299 1470 418 1517 certamine
431 1477 455 1517 et
469 1485 578 1517 conciusu
592 1470 673 1517 initum
686 1476 710 1517 te
719 1470 770 1517 etii·

101 1551 161 1589 eere,
174 1542 206 1590 ¹ut
216 1535 296 1581 merito
307 1535 376 1597 (sicut
385 1532 467 1595 iecisti)
478 1535 584 1581 invitatus
594 1535 623 1580 ud
632 1548 720 1581 cinnam
730 1534 770 1581 nb-

12 1604 13 1611 ’
101 1596 361 1649 ιιιειιιῖ.(ἔιιιιιιιειι
371 1600 439 1645 iratus
453 1598 566 1661 negisses,
583 1606 665 1652 utrum,
683 1605 708 1644 ut
723 1599 772 1660 pis-

101 1680 179 1725 emem
195 1670 227 1717 te,
244 1664 315 1709 danda
332 1678 397 1725 opera
410 1662 459 1718 suit,
477 1671 502 1709 ut
514 1664 578 1711 aliam
594 1678 715 1723 qunrerem
730 1679 770 1709 oo-

12 1750 14 1769 :
101 1729 224 1781 necionem,
242 1728 346 1787 quoniam
365 1728 433 1775 semel
451 1743 561 1775 venenum
578 1727 724 1789 paraveram?
739 1734 770 1774 'nn

101 1795 131 1841 ait
147 1793 188 1839 illo
202 1793 294 1839 coneilio
308 1793 369 1839 velut
383 1792 548 1841 erudiendum
563 1793 591 1838 ad
605 1792 726 1847 annuntii,
744 1802 771 1839 ut

101 1858 164 1907 ferro
175 1864 205 1911 te,
217 1864 241 1903 et
251 1856 338 1916 quidem
353 1872 380 1903 eo
391 1857 432 1910 die,
444 1872 484 1919 per
494 1858 589 1918 speciem
599 1856 768 1910 comissationis,

95 1920 246 1971 occiderem?
264 1920 318 1975 Quo
326 1922 403 1969 deinde
413 1922 487 1975 modo,
500 1922 553 1969 site
562 1928 623 1969 metu
633 1922 712 1967 mortis
722 1936 772 1967 cre-

12 2004 13 2009 *
103 1987 192 2034 debain
200 2000 288 2033 cinnam
305 1984 398 2033 evitisie
413 2001 494 2040 ineam,
510 2000 557 2031 non
572 1988 600 2033 nb
615 1987 693 2034 eodeni
709 1992 772 2031 metu

103 2050 284 2101 comissationem
295 2065 382 2112 quoque
392 2052 525 2099 evitaturum
535 2048 727 2097 existimabam?

119 2114 238 2161 ..⁴xiv
240 2114 309 2161 ‘Nou
320 2123 354 2161 est
365 2129 406 2169 res,
424 2112 468 2174 qud
478 2116 613 2167 erubescam
624 2121 693 2175 puter,
706 2111 772 2160 sidie

103 2181 164 2227 festo
173 2179 232 2225 inter
246 2179 341 2238 aequales
351 2179 447 2257 largiore
460 2180 578 2225 vinosum
593 2193 660 2225 usus.
678 2184 705 2224 tu
714 2193 772 2239 quo-

103 2260 156 2305 que⁴
173 2242 271 2296 veinn.'
265 2243 368 2303 inquiras,
385 2242 429 2303 qui
441 2240 527 2296 leniit,
544 2258 588 2303 quo
602 2242 653 2290 lusu
666 2243 773 2304 apudme

103 2308 240 2357 celebratum
248 2307 375 2353 hesternum
384 2308 512 2355 convivium
522 2307 560 2360 sit
570 2307 608 2353 illo
615 2307 682 2354 etium
691 2307 772 2369 (pravo

103 2368 211 2431 forsitan)
226 2370 307 2433 gaudio
321 2372 463 2433 provehente,
481 2371 560 2431 quod
554 2386 578 2417 ιι
588 2371 687 2433 juvenali
697 2386 774 2417 armo·

100 2452 158 2485 rum
168 2436 291 2483 certamine
302 2451 353 2497 pars
367 2442 444 2483 nostra
453 2450 500 2483 non
510 2434 600 2481 inferior
609 2434 689 2482 fuerat.
723 2436 773 2483 Mi-

102 2501 164 2579 seria
171 2502 221 2547 haec
232 2507 255 2545 et
266 2506 339 2547 metus
349 2500 473 2563 crapulam
470 2499 536 2545 facile
545 2506 705 2556 excusserunt3
721 2515 775 2558 quae

105 2566 124 2615 ii
142 2579 189 2613 non
206 2564 383 2617 intervenissent,
401 2558 540 2611 insidietores
555 2578 598 2609 nos
613 2563 679 2623 sopiti
687 2564 778 2624 jecere·

12 2700 15 2707 Ι
106 2645 164 2713 uus·
200 2628 334 2681 Sidonium
351 2623 777 2698 tuamexpuenatvrvoetvtidomo
813 2688 818 2695 ,

111 2704 193 2742 voi..
206 2708 230 2741 V
