1892 2909
215 96 245 147 τ.
259 95 348 150 n1v11
365 99 418 149 nu
433 97 513 149 xnv.
532 95 596 176 cn.¹
607 101 649 146 ss
720 62 778 146 ssa

101 209 163 274 hita
177 223 280 276 aarum
297 229 334 277 ru.
353 229 472 279 caudium
487 221 630 283 moenum,
648 224 678 276 c.
696 226 772 290 supe

101 290 164 336 cium
176 291 275 340 Gutum.
310 294 401 342 Deinde
412 303 520 357 praetores
530 301 620 357 postero
634 293 670 340 die
683 291 713 338 L
727 291 771 340 Ju-

99 354 164 407 lium,
183 353 211 402 L.
224 359 359 420 Appuleium
372 360 525 413 Saturninum,
542 359 574 406 A.
585 357 698 404 Licinium
709 356 771 404 Ner·

99 433 162 472 vam,
181 419 208 467 P.
226 423 337 471 Rutilium
356 423 461 479 Caicum,
479 424 508 471 P.
521 422 657 478 Quintilium
674 418 769 475 Vamm,
869 439 877 448 ¹

100 482 140 530 Μ.
158 483 286 535 Fonteium.
322 487 368 536 His
385 490 519 552 proetonbus
538 489 590 536 duas
608 488 700 534 urbanae
718 501 771 548 pro-

100 547 185 596 vinciae
195 559 248 599 sunt
257 553 360 609 decretae,
377 555 429 602 duae
440 553 566 616 Hispanias,
585 552 668 606 Sicilia,
677 566 706 598 oc
718 551 771 598 Sar·

101 611 169 660 dinis.
204 614 364 665 Intercalstum
379 633 407 666 eo
422 634 495 665 anno:
514 618 621 682 postridie
634 614 772 664 Terminalis

101 677 245 730 intercalares
259 681 358 730 inerunt.
393 684 477 747 Augur
493 699 522 730 eo
537 697 598 731 anno
616 689 719 728 mortuus
735 687 772 727 est

102 740 133 791 C·
156 741 278 794 Claudiusz
296 749 320 794 in
339 749 387 810 ejus
406 749 481 796 locum
500 753 596 810 augures
615 747 720 809 legerunt
737 743 768 791 T.

103 806 224 861 Quintium
236 810 395 859 Flamininum.
429 812 463 860 Et
478 811 561 860 flamen
572 811 695 866 Quirinalis
710 824 772 856 mor-

102 878 157 918 ²¹¹¹¹⁸
171 873 204 928 Q,
215 875 298 923 Fabius
313 875 398 924 Pictor,
433 876 471 924 Eo
485 891 546 924 enno
556 891 597 923 rex
608 875 699 922 Prusias
708 874 772 921 venit

102 935 204 992 R⁰mtm
219 955 270 986 curn
284 940 330 988 tilio
345 941 478 989 NJcomede.
513 940 546 996 Is,
563 956 648 1002 magno
663 940 772 986 comitatu

10 1046 14 1050 ,
103 1002 183 1048 urbem
200 1004 321 1066 ingressus,
339 1006 367 1053 sd
383 1006 457 1054 forum
474 1022 489 1054 a
504 1004 570 1068 porti
583 1005 722 1066 tribunalque
737 1003 770 1058 Q·

105 1061 181 1113 Cassii
190 1069 292 1129 praetons
302 1071 413 1132 perrexit:
430 1086 586 1131 concursuque
596 1069 694 1130 undiquc
702 1067 770 1122 iacto,

105 1135 123 1166 ⁴1
135 1129 209 1187 Deos,
226 1134 264 1194 qui
278 1135 355 1181 urbem
365 1135 464 1182 Romam
478 1135 608 1187 incolerent,
626 1141 773 1193 senatumque

102 1201 127 1244 et
135 1198 242 1260 populum
249 1197 379 1247 Romanum
387 1201 506 1247 salutatum
518 1198 563 1246 se”
574 1198 631 1246 dixit
642 1205 658 1231 ‘⁸
666 1198 769 1245 venisse:

104 1269 129 1308 ct
139 1263 284 1323 gratulatum,
302 1264 361 1324 quod
372 1262 456 1312 Perses
466 1264 620 1324 Gmtiumque
630 1277 695 1324 reges
705 1261 777 1308 vicis-

103 1335 156 1374 sent
164 1344 172 1383 3
183 1327 390 1390 Macedonibusque
399 1336 423 1376 et
431 1329 516 1390 Illyriis
522 1329 661 1375 inditionem
669 1326 778 1380 reductiq-

104 1391 221 1438 auxissent
235 1391 379 1455 imperium.”
413 1391 473 1442 Cum
490 1401 574 1456 praetor
590 1400 691 1439 senatum
707 1392 736 1444 ei,
754 1391 774 1437 si

103 1455 168 1508 velit,
185 1471 213 1503 eo
231 1456 388 1506 diedaturum
407 1459 515 1516 dixissen
530 1459 621 1505 biduum
639 1457 710 1519 petiit,
727 1470 773 1516 quo

75 1523 77 1530 “
103 1521 189 1582 templa
206 1517 284 1569 Deum
301 1524 422 1585 urbemque
438 1530 461 1569 et
478 1523 577 1585 hospites
592 1522 721 1581 amicosque
737 1521 774 1567 vi-

103 1593 172 1632 seret.
206 1585 290 1641 Dstus,
307 1589 345 1648 qui
356 1588 531 1636 circumduceret
540 1603 600 1641 eum,
611 1585 641 1632 L.
653 1585 774 1635 Cornelius

104 1649 181 1712 Scipio
200 1665 314 1712 quaestor;
331 1653 406 1713 quiet
426 1651 527 1714 Capuam
545 1653 566 1700 ei
583 1651 672 1700 obviam
690 1650 773 1698 missus

104 1713 191 1762 fueret:
211 1723 234 1763 et
245 1717 312 1771 aedes,
326 1732 378 1777 quae
388 1718 461 1779 ipsum
473 1718 609 1778 comitesque
618 1719 667 1780 ejus
676 1715 775 1777 benigne

105 1780 237 1842 reciperent,
247 1781 375 1838 conductae·
401 1781 480 1830 Tertio
490 1790 542 1844 post
552 1783 588 1829 die
598 1788 700 1828 senatum
710 1781 773 1838 sdit;

105 1845 233 1906 gratrdatus
243 1845 360 1893 sictonam
370 1854 421 1906 ests
430 1847 510 1898 merita
520 1847 594 1894 sus-in
604 1861 632 1894 eo
639 1846 774 1900 beilocom-

106 1910 255 1968 memoravit3
271 1907 342 1972 petiit,
361 1918 376 1941 ‘⁶
387 1911 422 1960 Ut
432 1919 511 1958 votum
525 1912 567 1958 nbi
578 1909 673 1964 sol'vere,
690 1910 775 1957 Rome

105 1973 130 2020 in
142 1972 254 2040 Capitolio
263 1976 340 2024 decem
347 1978 443 2038 majores
450 1973 541 2031 hoium,
550 1983 574 2023 et
581 1973 698 2024 Praenestc
706 1989 775 2033 unam

107 2037 225 2094 Fortunae,
242 2041 332 2088 liceret:
351 2055 378 2088 os
395 2049 449 2088 vota
466 2056 509 2103 pro
524 2039 617 2088 victorii
632 2039 708 2102 populi
723 2039 776 2086 Ro-

107 2103 169 2149 mani
179 2119 235 2152 esse.
264 2103 299 2152 Et
308 2113 334 2152 ut
345 2106 439 2152 societas
450 2119 527 2152 seorim
537 2112 694 2160 renovaretun
707 2103 774 2166 a'ger-

108 2183 154 2229 que
165 2167 212 2221 sibi,
225 2169 253 2216 de
260 2185 315 2234 rege
323 2171 437 2218 Antiocho
448 2178 533 2232 captus,
544 2185 619 2231 qums,
632 2170 686 2226 uuili
697 2169 774 2215 dutum

107 2248 121 2279 a
131 2233 214 2294 populo
225 2232 338 2288 Romano,
357 2235 417 2282 Galli
428 2237 573 2298 posuderent,
585 2232 705 2282 daretur.'’-
734 2232 775 2280 Fi·

108 2297 164 2344 lium
182 2303 299 2359 postremo
321 2299 469 2355 Nicomedem
490 2301 577 2347 senettu
600 2298 773 2346 commendavit.

109 2361 226 2416 Omnium,
244 2364 283 2424 qui
296 2365 319 2409 in
331 2362 465 2412 Maccdonii
475 2365 619 2427 imperatores
628 2362 724 2418 fuerant,
741 2362 776 2411 sc·

108 2441 164 2474 vore
175 2434 209 2474 est
220 2427 314 2490 sdJ'utus.
350 2427 430 2490 Itaque
440 2438 530 2484 caetero,
546 2444 598 2490 quse
607 2429 703 2490 petebat,
720 2443 776 2475 con-

109 2507 185 2538 cessa:
205 2491 233 2539 de
248 2508 304 2555 agro
320 2508 451 2556 responsum
468 2501 510 2548 est,
530 2502 546 2524 “
561 2491 663 2555 legatos
680 2493 709 2540 ad
728 2509 775 2539 rsm

108 2555 268 2620 inspiciendam
280 2559 393 2606 missuros.
428 2559 453 2606 si
464 2574 520 2622 ager
529 2559 605 2620 populi
612 2557 712 2605 Romani
721 2556 777 2603 tisis-

110 2627 152 2678 sst,
170 2636 212 2672 nec
227 2622 329 2685 cuiquem
344 2623 408 2671 datus
422 2632 489 2678 esset,
507 2623 662 2687 dignissimum
673 2637 701 2670 eo
716 2622 776 2669 dono

131 2745 134 2756 ¹
166 2739 173 2766 l
