1892 2909
226 99 256 150 Τ.
270 99 359 150 LlVlI
375 100 428 150 Lm
443 101 523 150 XLV.
544 100 605 152 Car.
618 107 658 152 ³9·
735 102 786 150 849

119 229 186 278 Dcot
204 232 278 290 ctiam,
299 248 341 280 ouo
359 234 446 280 honore
460 231 615 282 fraudaturi&
628 228 682 278 Diu
697 243 788 291 quoque

119 295 188 350 enim,
205 313 251 344 non
267 299 339 345 colum
354 298 487 351 hominibus,
505 298 604 344 debotur.
641 295 725 342 Utrum
739 309 788 342 mo·

115 361 180 422 jorea
196 363 265 409 vestu·
284 365 383 410 omnium
401 377 534 424 magnarum
550 376 624 408 rerum
640 367 664 407 ct
679 359 787 422 principia

119 427 194 472 exorsi
205 429 232 473 ab
243 427 296 474 Diia
308 435 367 481 runt,
384 434 407 474 et
417 426 485 474 finem
496 442 547 472 eum
559 425 699 472 statuenmt?
723 422 789 472 Con-

120 490 163 544 sul,
180 491 329 553 proficiscens,
347 499 465 554 proetorve,
484 488 616 554 [paludatis]
630 489 751 542 lictoribus,
763 489 788 536 iu

119 557 258 616 provinciam
269 557 326 604 etad
337 556 426 609 bellurn,
439 561 493 602 vola
502 555 526 600 in
538 553 650 616 Capitolio
658 560 786 615 nuncupata

119 618 789 746 trnnrrnnuinttttntun

120 750 196 810 populi
207 748 307 798 Romani
317 750 419 796 traducit
454 748 512 796 Pars
522 763 568 795 non
579 749 671 795 minima
680 747 787 809 triumphi

122 821 157 860 eat
175 815 274 862 rictimae
289 815 454 876 praecedentem
473 822 499 861 ut
515 822 624 875 appareat,
642 812 696 860 Diir
710 820 788 874 gnte·

120 885 227 940 agentem
241 880 396 941 imperatorem
408 880 494 926 obrem
508 879 617 940 publicam
629 879 686 924 bene
699 885 788 940 gestam

121 943 200 994 redire.
236 943 322 990 Omne·
337 945 386 992 illac
402 945 512 996 victimas,
529 959 585 1004 quaa
602 943 747 991 traducendas
763 943 788 988 in

122 1007 235 1069 triumpho
243 1008 370 1062 vindicavit,
382 1009 435 1056 alias
443 1009 487 1066 alio
495 1008 602 1061 caedente,
611 1014 714 1054 mactate.
734 1006 790 1054 Illu

122 1071 213 1132 quidem
231 1074 307 1134 epulas
326 1075 423 1128 senatus,
441 1089 492 1134 quae
510 1087 552 1118 uec
570 1073 657 1134 privato
672 1072 730 1125 loco,
748 1087 790 1118 nec
818 1089 824 1101 ι

122 1137 211 1200 publico
218 1137 318 1199 profano,
329 1138 368 1186 ned
376 1139 398 1184 in
408 1137 520 1201 Capitolio
528 1137 631 1190 eduntur,
642 1133 743 1200 [utrum]
748 1137 790 1182 ho-

123 1203 209 1250 minum
226 1203 347 1265 uoluptatis
363 1202 436 1257 causi,
453 1217 483 1250 an
500 1201 604 1249 Deorum
619 1201 803 1261 hominumque..

122 1276 214 1316 auctore
226 1267 273 1316 Ser.
289 1264 369 1322 Galba
387 1266 495 1314 turbaturi
504 1267 575 1314 eatis?
592 1265 621 1314 L.
633 1263 697 1312 Pauli
710 1265 790 1314 trium-

121 1334 168 1396 pbo
186 1339 258 1394 portae
277 1332 423 1379 claudentur?
448 1331 502 1379 Rex
520 1331 673 1378 Macedonum
693 1328 791 1378 Perseus

124 1413 176 1444 cum
190 1397 264 1442 liberio
275 1404 297 1444 et
308 1396 372 1444 turbd
382 1395 424 1444 aut
436 1398 582 1459 captivorum,
600 1396 670 1458 spolia
680 1393 791 1442 Macedo·

123 1477 184 1516 num,
198 1461 254 1508 citra
262 1460 347 1509 flumen
358 1461 526 1522 relinquentur?
543 1460 572 1506 L.
587 1460 672 1507 Paulus
682 1460 789 1522 privatur,

123 1533 236 1588 tamquam
251 1541 303 1573 rure
317 1527 411 1580 rediens,
429 1525 518 1588 aperti
527 1526 619 1572 domum
629 1524 688 1573 ibit?
712 1523 746 1572 Et
756 1532 790 1579 tu,

123 1592 231 1646 centurio,
249 1589 320 1646 mileo,
338 1592 391 1653 quid
410 1591 437 1639 de
456 1592 590 1653 imperatore
609 1589 681 1637 Paulo
700 1596 792 1637 acuatur

124 1653 219 1704 decrdnt
227 1657 309 1717 potina,
321 1671 387 1717 quam
396 1656 449 1716 quid
458 1657 507 1704 Ser.
519 1657 593 1704 Galba
598 1653 715 1709 fabuletur,
727 1655 791 1702 audi:

123 1729 147 1769 et
158 1722 201 1767 boc
211 1721 284 1768 dicere
294 1736 331 1768 me
341 1721 423 1783 potius,
440 1736 508 1783 quam
522 1721 593 1775 illum,
610 1719 669 1767 audi.
705 1717 748 1766 Ille
758 1720 794 1768 ui·

123 1786 162 1837 hu,
175 1793 323 1846 praeterquam
333 1786 401 1847 loqui,
414 1793 437 1833 et
447 1787 520 1848 iprum
531 1786 638 1832 maledice
648 1800 675 1832 ac
685 1785 791 1847 maligne,

125 1850 215 1906 didicit:
237 1866 281 1913 ego
299 1858 333 1898 tcr
351 1859 375 1898 et
390 1851 459 1898 vicies
477 1866 528 1898 cum
545 1852 611 1898 boote
626 1866 667 1912 per
682 1863 793 1912 provoca-

124 1916 210 1962 tionem
229 1916 342 1978 pugnavi:
361 1931 391 1963 ex
410 1917 520 1970 omnibus,
537 1931 589 1963 cum
605 1915 685 1976 quibua
700 1929 792 1961 manum

124 1979 236 2035 conserui,
254 1980 324 2042 spolia
337 1981 415 2028 retuli:
435 1981 524 2043 insigne
533 1995 615 2042 corpus
625 1980 725 2042 boneotia
735 1979 794 2025 oica-

125 2045 224 2098 tricibuo,
242 2045 345 2092 omnibuo
359 2046 453 2093 adverso
466 2061 560 2108 corpore
570 2045 676 2107 exceptio,
694 2040 793 2090 habeo-‘¹

125 2107 232 2156 Nudiooc
243 2109 322 2156 deinde
332 2125 357 2157 ae
367 2110 453 2165 dicitur,
471 2118 501 2165 et,
512 2126 558 2172 quo
568 2124 665 2171 queque
673 2109 732 2156 bello
742 2106 795 2154 vul·

127 2187 182 2220 nera
200 2182 290 2236 accepta
306 2183 389 2230 essent,
406 2175 522 2223 retuliooez
544 2190 597 2237 quoe
615 2175 668 2220 dum
687 2177 794 2227 ostentm,

126 2237 237 2299 adapertio
250 2237 316 2293 forte,
333 2255 385 2301 quae
398 2241 493 2288 velanda
501 2249 573 2294 erant,
590 2248 665 2287 tumor
674 2239 795 2302 inguinum

125 2301 234 2364 proximis
245 2303 314 2350 riuum
324 2305 403 2351 movit.
437 2304 507 2359 Tum,
525 2312 541 2335 ‘⁴
551 2303 606 2352 Hoc
620 2320 717 2366 quoque,
734 2302 795 2364 quod

125 2365 228 2421 ridetia,''
245 2367 323 2429 inquit,
342 2369 392 2416 “in
401 2384 458 2430 equo
469 2371 517 2417 dieo
527 2377 648 2432 noctoequc
658 2367 796 2431 paredcudo

126 2433 212 2479 babeo:
231 2448 273 2480 nec
284 2433 402 2496 magisme
412 2435 467 2497 ejus,
485 2449 552 2496 quam
567 2435 693 2482 cicatricum
708 2435 796 2486 barum,

126 2497 196 2560 pudet
214 2499 366 2560 poenitetque;
389 2500 478 2561 quando
497 2515 611 2561 nunquam
629 2499 684 2546 mibi
702 2497 797 2560 impedi-

125 2568 204 2610 mento
214 2562 243 2615 od
254 2578 301 2610 rem
313 2563 422 2626 publicam
432 2565 491 2613 bene
497 2565 619 2628 gerendam
630 2564 691 2611 domi
698 2562 797 2610 militin-

118 2641 171 2690 ,ιιι
181 2626 234 2675 snio
248 2651 250 2656 ·
262 2626 317 2695 ligo
327 2629 371 2679 boc
380 2628 440 2680 forro
451 2629 513 2695 ιη»
522 2636 629 2678 vexatum
639 2643 721 2692 corpu
731 2631 799 2675 rm

159 2701 211 2740 ron.
226 2707 248 2741 r.
526 2699 571 2742 211
