1892 2909
244 128 274 178 Τ.
288 129 375 179 LlVlI
392 128 444 178 Ias.
459 130 528 179 XLI.
548 132 612 182 cm·
624 136 662 179 lsi
742 134 788 179 133

120 268 195 312 Μ
204 261 327 309 exercitum
338 261 361 307 in
373 260 462 309 hiberna
473 262 582 309 sociorum
592 261 680 309 urbium
691 260 787 308 redtrxit.

122 326 157 373 In
173 325 202 375 C.
216 325 330 379 Claudius,
347 326 417 373 literis
432 326 469 373 Ti.
485 326 571 374 Claudii
590 335 614 373 et
632 327 790 374 senatis-con-

121 391 182 439 sulto
198 398 298 453 accepto,
315 405 345 448 ex
364 390 430 437 Istrii
446 392 547 454 legiones
563 393 588 439 in
604 391 702 453 Ligures
717 398 791 437 trans-

122 456 194 505 duxit.
228 456 268 503 Ad
284 456 427 503 Scultennam
442 455 566 503 flumenin
576 472 666 517 campos
676 456 791 517 progressi

117 528 195 569 castra
205 521 313 567 habebant
324 521 406 567 hostes.
434 519 469 566 Ibi
480 536 531 567 cum
542 522 577 568 his
587 521 634 567 acie
645 520 787 567 dimicatum:

119 585 248 645 qundecim
256 585 325 631 milliar
332 584 465 646 eaess;.plns
476 586 612 648 septingenti
619 592 658 631 ant
668 586 691 630 la
701 584 790 645 proelio,

121 657 161 699 ant
171 650 196 697 in
206 649 284 697 castris
295 650 358 712 (nam
369 665 396 696 ea
405 665 495 710 quoque
504 657 632 713 expugnata
643 647 707 709 sunt)
715 650 788 710 capti:

121 721 146 761 et
156 715 222 777 signa
232 714 335 762 militaria
345 728 414 760 unum
429 722 452 761 et
466 715 627 778 quinquaginta
641 723 712 776 capta.
747 712 789 759 11»

121 790 198 841 gunea
216 778 315 839 reliquis
325 779 400 833 caedis,
416 778 439 823 in
450 787 539 825 montes
549 780 681 842 refugerunt
690 778 787 841 passima

121 843 281 905 populantique
295 850 429 905 campestres
443 859 511 905 agros
526 846 611 891 consuli
626 845 687 891 nulla
696 858 791 904 usquam

247 918 273 955 nt
287 923 354 955 arma.
390 904 505 962 Claudius,
523 908 616 956 duarum
630 910 732 971 gentium
742 923 790 953 uno

120 986 181 1024 tuno
200 973 279 1027 vIctor,
297 972 387 1027 duabus,
405 972 465 1033 quod
484 988 533 1020 raro
551 975 614 1028 elius,
631 975 656 1020 in
672 972 790 1020 consulatu

120 1038 206 1101 pacatis
216 1037 343 1099 provinciis,
355 1037 453 1083 Romam
464 1039 564 1084 revertit.
649 1073 651 1076 .

155 1097 231 1149 XIII.
249 1101 357 1164 Prodigia
366 1116 460 1149 eoanno
471 1103 584 1150 nuntiatae
603 1104 627 1149 in
642 1101 790 1151 Crustumino

121 1175 187 1217 wem
195 1168 324 1230 sangualem
332 1167 409 1230 (quam
418 1165 511 1227 vocant)
519 1183 607 1215 sacrum
614 1168 709 1229 lapidem
717 1174 791 1212 rostro

121 1232 241 1282 meldinse:
258 1233 340 1279 bovem
356 1231 379 1277 in
391 1228 515 1295 campana
524 1234 636 1291 locutam:
655 1246 745 1278 vaccam
757 1245 789 1277 ε-

121 1306 188 1347 noant
205 1297 322 1358 Syracusis
340 1296 367 1343 ab
384 1297 466 1358 agresti
486 1305 557 1351 tauro,
574 1298 612 1358 qui
630 1311 710 1358 pecore
725 1296 790 1341 aber·

122 1360 200 1417 risset,
212 1362 297 1415 initam,
308 1376 335 1407 ao
346 1362 430 1408 semine
438 1361 571 1423 adspersam.
602 1360 632 1407 Io
642 1360 790 1409 Crustumino

120 1426 181 1475 nem
195 1440 265 1473 unum
276 1426 300 1471 in
310 1426 359 1488 ipso
368 1426 419 1472 loco
430 1426 560 1487 supplicatio
569 1424 625 1472 fuit:
644 1432 668 1473 et
681 1425 704 1469 in
720 1423 790 1471 Cam·

122 1489 189 1555 panii
197 1492 238 1538 bos
246 1490 327 1537 alenda
337 1491 423 1552 publice
433 1489 497 1537 data:
517 1491 727 1551 Syracusanumque
736 1504 789 1549 pro-

121 1555 207 1619 digium
221 1556 342 1618 expiatum,
359 1555 423 1631 editis
439 1556 467 1601 ab
481 1556 616 1617 aruspicibus
631 1553 692 1607 Diis,
710 1554 799 1614 quibus!

121 1616 788 1746 tldtffllliiamabilitati

120 1750 254 1813 elusionum
269 1748 375 1796 suffectus
389 1756 424 1796 est
433 1749 534 1811 pontifex
544 1749 602 1797 filius
612 1751 660 1813 ejus
675 1749 712 1796 Μ.
722 1747 789 1795 Mer-

121 1816 199 1863 osllun.
233 1813 267 1862 Et
281 1814 370 1861 Lunam
387 1814 474 1861 colonia
489 1815 568 1861 eodem
584 1830 644 1862 anno
660 1816 704 1865 duo
720 1813 790 1860 millia

120 1880 204 1929 civium
215 1878 370 1927 Romanorum
382 1888 434 1925 sunt
445 1878 551 1926 deducta:
570 1881 680 1927 triumviri
690 1879 789 1925 Murro

122 1953 182 2000 runt,
200 1943 228 1991 P.
248 1944 330 1997 AEliue
348 1942 378 1989 L.
395 1943 492 2005 Egilins
510 1942 554 1993 Cn.
575 1945 678 1991 Sicinius.
714 1942 789 1996 Quin-

122 2016 255 2071 quagenaet
263 2010 296 2055 sin
353 2010 436 2072 jugera
446 2014 469 2056 et
479 2009 583 2055 semisses
593 2010 641 2072 agri
652 2010 676 2054 in
687 2006 788 2068 singulos

120 2074 167 2121 dati
178 2080 245 2120 sunt:
258 2074 286 2122 de
317 2074 322 2085 '
356 2088 380 2119 re
390 2072 557 2135 capturisager
564 2081 625 2122 erat:
639 2073 789 2119 Etruscorum

121 2145 182 2191 ante,
194 2152 259 2199 mam
270 2138 389 2201 Ligurum,
400 2137 480 2185 fuerat.
510 2136 539 2185 C.
554 2136 662 2186 Claudius
672 2134 751 2183 consul
761 2133 790 2181 sd

123 2202 210 2250 Urbem
226 2204 301 2260 venit3
319 2203 361 2256 cni,
379 2218 430 2249 cunr
441 2203 464 2248 in
477 2210 555 2250 senatu
565 2202 594 2249 de
607 2203 673 2249 rebus
687 2197 790 2260 interfit

120 2266 289 2330 ligonibusque
301 2282 405 2330 prospere
419 2268 490 2331 gestis
504 2268 650 2321 disseruisset,
667 2264 789 2329 postulanti

121 2332 248 2395 triumphus
258 2340 293 2379 est
303 2332 412 2379 decretus
447 2330 605 2393 Triumphauit
618 2334 642 2378 in
656 2331 790 2393 magistratu

121 2394 154 2445 de'
162 2396 248 2445 duabus
262 2397 328 2443 simul
335 2397 446 2459 gentibus.
482 2396 546 2443 Tulit
555 2398 579 2443 in
590 2413 618 2444 eo
628 2396 740 2458 triumpho
749 2394 789 2441 de-

121 2460 208 2509 nsrltlrn
223 2467 322 2509 trecente
336 2470 421 2524 septem
435 2460 511 2516 millia,
528 2468 552 2507 et
567 2462 710 2509 victoriatd'nr
724 2466 789 2506 octo·

120 2527 186 2589 ginta
194 2526 293 2588 quinque
303 2528 372 2575 millis
381 2526 537 2589 septingentos
546 2526 610 2573 duos.
644 2524 756 2573 Militibus
764 2524 788 2567 in

120 2591 223 2655 singulm
237 2591 298 2652 quini
315 2592 367 2641 deni
382 2590 465 2638 denarii
482 2590 540 2637 dati:
560 2591 642 2653 duplex
655 2587 787 2641 centurioni,

120 2657 201 2719 triplex
215 2657 293 2719 equiti.
328 2657 399 2707 Sociis
414 2656 504 2705 dimidio
518 2655 600 2711 mlum,
618 2669 685 2716 quam
696 2652 788 2702 civibus.

152 2734 205 2771 rot.
218 2736 240 2769 v.
546 2734 563 2767 n
722 2766 727 2774 ,
