1892 2909
257 122 459 207 T.L1Vl1Lsa.
476 124 559 175 xmt
579 130 640 179 Cur·
654 138 677 180 ⁶.
759 138 802 183 lot

129 237 259 307 aioessitum
272 250 330 320 ¹post
348 256 417 319 patris
433 264 529 307 mortem
544 259 673 323 ingentibus
687 264 805 325 promissis

129 327 156 373 ''ad
173 324 266 387 praemia
281 330 351 369 tantae
367 329 500 385 perpetrata
516 325 554 378 rei,
575 326 632 375 clam
648 328 801 390 interieciaae3

128 390 239 437 intestinis
256 387 399 447 externisque
415 398 524 449 praeterea
539 391 616 437 multia
633 392 730 440 credibua
744 394 803 443 insn-

129 471 196 509 mem,
215 470 257 501 nec
274 452 320 499 ullo
336 453 534 500 commendabilem
550 456 638 509 merito,
655 458 802 517 praeferebant

130 522 200 583 vulgo
211 519 313 565 civitates
323 524 369 563 tam
380 518 420 579 pio
429 533 484 579 erga
490 520 634 581 propinquos,
651 528 696 567 tam
703 525 766 584 Justo
776 526 801 571 in

99 612 101 615 -
130 584 197 639 cives,
215 592 262 631 tant
276 581 382 629 munifico
398 596 452 643 erga
466 598 545 630 omnes
559 585 662 632 homines
676 585 740 649 regl5
760 604 800 636 eeu

111 688 115 695 ,
128 648 187 699 lama
198 656 221 695 et
232 650 349 710 majestate
359 646 512 695 Macedonum
522 665 602 712 regrnn
612 652 762 713 praeoceupeti
772 654 801 701 ul

129 714 276 791 spernendam
291 713 401 789 originem
416 713 469 758 novi
484 715 555 775 regni,
573 730 613 762 seu
624 717 754 763 mutationis
765 734 800 765 re-

128 779 349 893 teithi
359 780 672 892 tttthth‘ttttt
674 782 727 891 13⁰
708 796 801 894 mim

127 910 198 963 nibus,
210 915 303 971 propter
312 907 427 969 ingentem
438 908 484 955 vim
496 910 547 955 aeris
557 910 629 965 alieni,
646 912 685 958 sed
695 910 799 960 Thessali
880 946 885 949 .

127 975 193 1021 etiarn
201 990 209 1032 ς
227 970 277 1037 [ea]
293 972 433 1033 contagione,
449 973 512 1019 velut
525 975 594 1028 tabes,
610 976 635 1021 in
646 974 797 1025 Perrhaebiam

128 1054 217 1101 quoqne
235 1037 258 1083 id
276 1043 404 1099 pervaserat
423 1038 513 1083 malum.
554 1037 614 1086 Cum
632 1039 754 1089 'l'hessalos
773 1043 797 1089 in

126 1104 193 1151 annis
204 1118 255 1150 esse
265 1103 391 1148 nuntiatum
405 1109 446 1155 est,
462 1103 508 1164 Ap.
520 1101 639 1151 Claudium
654 1105 754 1167 legatum
768 1108 797 1154 ad
821 1104 828 1117 ‘

125 1180 162 1217 cas
179 1184 215 1215 res
231 1167 382 1229 adspiciendna
396 1168 604 1229 componendasque
620 1177 710 1216 senatus
726 1171 794 1217 misit.

126 1232 180 1289 Qui,
198 1232 314 1293 utriusque
327 1232 396 1295 partis
407 1232 542 1293 principibus
556 1233 678 1295 castigatis,
695 1250 746 1281 cum
761 1234 796 1281 in·

120 1300 184 1367 iusto
198 1296 286 1345 soenore
297 1304 416 1359 gravatum
431 1312 462 1343 aes
477 1297 580 1351 alienum,
598 1295 751 1361 ipaia'magni
766 1315 796 1347 ex

124 1372 187 1475 ἕπε
197 1362 376 1416 concedentibus,
389 1362 426 1423 qui
435 1359 559 1415 onerdrnnt,
571 1362 738 1473 kriaset‘fl’usti
747 1380 795 1411 cre-

139 1429 164 1475 'ti
183 1428 317 1475 solutionem
336 1427 360 1472 in
378 1430 391 1455 *
409 1442 519 1473 annorum
537 1429 656 1488 pensiones
690 1428 791 1475 'atribuit

124 1492 170 1541 Per
180 1484 284 1541 eumdem
296 1492 402 1554 Appium,
414 1492 537 1553 eodemque
544 1492 620 1546 modo,
632 1493 762 1553 composite
770 1494 795 1540 in

123 1554 253 1607 Perrhaebia
263 1572 306 1603 rea.
333 1556 462 1603 AEtolorum
475 1572 553 1603 musas
564 1556 687 1605 Marcellus
698 1556 795 1619 Delphis

122 1623 229 1685 peridem
237 1630 326 1683 tempus
333 1622 450 1669 hostilibus
458 1629 519 1668 actas
527 1622 613 1675 anioala,
625 1637 680 1683 quas
687 1622 794 1670 intestino

123 1695 240 1750 gesserunt
252 1686 317 1741 bello,
335 1687 450 1749 cognovit.
486 1684 547 1734 Cum
560 1692 668 1733 certatum
682 1688 793 1749 utrimque

123 1753 249 1803 teneritate
259 1759 326 1813 atque
336 1750 427 1799 audaciai
437 1758 544 1805 cerneret,
556 1752 646 1799 decreto
653 1754 743 1815 quidem
751 1768 792 1801 suo

123 1826 226 1867 neutram
240 1824 326 1879 partem
340 1823 379 1863 aut
390 1816 465 1863 levore
475 1824 514 1863 aut
524 1832 617 1864 onerare
626 1818 710 1865 voluit:
730 1834 793 1865 com-

122 1884 220 1930 muniter
231 1883 258 1929 ab
273 1883 372 1943 utrisque
385 1882 456 1943 petiit,
472 1882 608 1929 abstinerent
621 1884 686 1936 bello,
702 1890 726 1929 et
736 1883 793 1929 obli·

120 1948 188 1997 none
199 1948 363 2009 preteritorum
374 1946 494 1993 discordias
503 1946 600 1994 finirent.
627 1947 705 2009 Hujus
712 1962 793 1993 recon-

121 2012 240 2061 ciliationis
257 2013 316 2059 inter
333 2013 394 2074 ipsos
411 2010 467 2058 fides
486 2012 597 2059 obsidibus
616 2012 676 2057 ultro
692 2011 793 2071 citroque

121 2075 178 2125 datis
194 2076 283 2125 finnats
298 2084 339 2123 est.
376 2075 520 2132 Corinthum,
540 2084 566 2122 ut
581 2076 611 2123 ibi
629 2076 793 2137 deponerentur

122 2143 215 2197 obsides,
228 2142 367 2189 convenitur.

154 2206 200 2254 VI.
219 2206 244 2254 A
259 2204 355 2269 Delphis
369 2214 392 2253 et
406 2206 509 2253 AEtolico
521 2205 617 2252 concilio
632 2203 755 2251 Marcellus
766 2204 791 2251 in

121 2264 303 2334 Peloponnesum
315 2272 407 2333 trajecit,
424 2286 468 2331 quo
480 2271 571 2318 Achaeis
582 2270 681 2317 edixerat
692 2284 792 2317 conven-

120 2345 177 2386 tum.
214 2334 260 2383 Ubi
276 2335 400 2383 collaudati
414 2343 491 2397 gente,
508 2334 569 2397 quod
580 2341 709 2381 constanter
724 2342 792 2382 retur

121 2402 235 2451 decretum
242 2401 270 2448 de
276 2400 377 2447 arcendis
385 2401 445 2447 aditu
453 2400 532 2447 linium
540 2400 630 2463 ηςίδιιε
638 2399 791 2447 Macedonum

120 2468 254 2523 tenuissent,
269 2466 358 2528 insigne
368 2466 474 2513 adversus
486 2464 570 2511 Peraea
584 2464 660 2511 odium
675 2464 791 2511 Romano·

120 2548 171 2581 rum
188 2530 259 2589 fecit3
281 2530 341 2591 quod
356 2537 382 2577 ut
397 2530 506 2576 maturius
521 2536 655 2591 erumperet,
675 2526 793 2575 Eumenes

121 2610 169 2650 rex,
180 2595 365 2645 nomentanum
372 2593 447 2643 ferens
456 2608 539 2647 mum,
551 2594 610 2653 quod
619 2592 647 2639 de
654 2592 793 2655 apparatibus

120 2660 173 2711 belli
191 2659 267 2708 omnia
284 2658 399 2721 inquirens
416 2658 509 2713 lecerat,
521 2656 627 2768 Rprn‘am
646 2656 715 2703 vemt.
748 2652 794 2700 Per

520 2737 534 2768 Ρ
647 2737 649 2741 .
712 2734 714 2740 .
