1892 2909
173 98 220 143 192
288 92 421 143 T.L1vu
437 92 491 143 Lu.
505 92 589 142 XLII.
609 91 669 143 Cur.
683 96 724 148 40,

170 220 220 279 iore
229 222 253 269 in
264 222 382 285 colloquio.
413 222 514 287 Hippian
528 230 552 271 et
566 218 730 275 Pantauchum,
746 235 805 285 quos
818 229 843 270 et

170 286 257 348 legatos
273 289 370 342 miserat,
390 288 500 352 principes
516 288 646 351 amicorum,
666 285 755 334 obsides
769 284 839 333 rledit.

170 350 222 399 Nec
233 358 278 399 turn
289 353 313 399 in
321 353 403 415 pignus
410 352 460 401 fidei
469 352 557 400 obside·
564 352 681 399 desiderati
689 358 759 405 erant,
771 366 841 413 quam

170 423 196 463 ut
206 426 321 480 appareret
331 418 404 473 sociis,
419 416 558 479 nequiquam
568 431 598 463 ex
608 416 717 478 dignitate
727 416 775 478 ptri
785 431 842 463 con·

169 482 234 543 gradi
253 498 329 545 regem
348 498 399 529 cum
418 482 505 547 legatis.
538 482 647 529 Salutatio
663 496 709 527 non
725 488 841 541 tamquam

169 544 275 601 hostium,
296 546 335 595 sed
354 546 468 609 hospitalis
484 562 510 593 nc
525 546 623 609 benigna
636 544 697 604 fuit3
718 544 842 609 positisque

171 611 259 659 aedibus
270 612 425 659 consederunt.

203 674 258 723 XL.
278 675 337 725 Cum
349 676 461 739 paulisper
474 676 587 723 silentium
599 672 692 723 fuissetz
712 672 842 737 “Exspec-

169 740 212 789 tan'
227 738 294 795 noa,”
312 741 384 803 inquit
394 740 504 794 Marcius,
521 748 537 770 ‘⁴
545 740 646 794 arbitror,
665 745 692 786 ut
705 737 842 801 respondea-

169 818 221 852 mus
237 804 306 852 literis
321 806 373 859 tuis,
394 820 449 866 quas
466 802 590 867 Corcyram
606 803 702 862 misisti3
720 803 744 849 in
759 796 842 869 quibus¹

169 869 259 929 quaeris,
276 869 329 931 quid
344 870 375 916 ita
388 868 457 932 legati
473 886 524 917 cum
540 868 646 915 militrlrus
662 868 796 921 venerimus,
817 874 842 914 et

168 933 270 995 praesidia
284 934 308 980 in
324 934 424 996 singulas
434 936 499 981 urbes
509 932 662 981 dimittamus?
686 932 726 981 Aa
736 933 794 981 hanc
804 929 841 977 in-

168 997 341 1059 terrogationem
353 1006 414 1046 tumn
425 1007 448 1045 et
458 1010 505 1045 non
516 998 649 1061 respondere
659 1013 745 1050 vereor,
761 1012 791 1043 ne
801 1012 842 1063 su-

168 1061 261 1124 perbum
273 1063 309 1117 sit,
321 1071 345 1111 et
354 1079 408 1111 vera
415 1064 554 1125 respondere,
567 1079 597 1110 ne
607 1062 674 1109 nimis
684 1062 787 1109 acerbum
798 1077 840 1109 au-

169 1126 239 1173 dienti
249 1127 287 1174 tibi
298 1127 406 1175 videatur.
436 1127 482 1175 Sed
495 1144 547 1174 cum
561 1136 600 1175 sut
610 1128 683 1175 verbis
693 1126 839 1187 castigandus

167 1199 207 1245 eut
217 1192 284 1239 armis
292 1193 328 1247 rit,
340 1193 378 1254 qui
385 1192 459 1240 ioedus
467 1193 550 1255 rumpit
554 1209 562 1250 ς
576 1192 722 1239 sicutbellum
730 1191 838 1239 adversus

168 1262 193 1303 te
210 1257 246 1303 alii
265 1272 332 1319 qnam
351 1258 405 1304 milri
423 1257 553 1304 mandatnm
572 1257 655 1308 malim,
677 1256 709 1307 ita
730 1255 838 1303 untionis

168 1322 309 1369 acerbitatem
318 1322 424 1369 adversm
431 1321 549 1384 hospitem,
561 1329 682 1382 utcumque
689 1328 730 1374 ert,
744 1321 834 1369 subibo:

167 1384 227 1433 sicut
236 1386 324 1441 medici,
336 1402 387 1434 curn
399 1386 474 1434 salutis
486 1382 553 1433 causi
559 1385 657 1433 tristiora
667 1384 763 1432 remedia
773 1384 837 1438 adhi-

166 1450 228 1497 bent.
249 1450 288 1498 Ex
299 1446 344 1513 qul
355 1466 449 1513 regnum
460 1451 554 1513 adeptus
563 1465 595 1504 es,
608 1466 675 1497 unam
686 1457 772 1503 remte,
785 1465 837 1511 quse

165 1512 268 1563 facienda
280 1515 354 1570 fuerit,
372 1524 462 1563 renatus
476 1514 556 1563 secuse
569 1522 660 1573 censet3
676 1514 737 1575 quod
747 1514 837 1577 legatos

167 1576 266 1627 Romam
283 1579 311 1627 sd
320 1580 477 1627 renovandum
489 1582 503 1610 ⁹
514 1584 527 1611 s
537 1580 645 1643 *judicet
659 1581 742 1641 potins,
759 1594 835 1640 quum,

166 1658 219 1703 enm
227 1652 358 1691 renovatum
366 1652 432 1698 esset,
441 1644 578 1691 violandum.
599 1643 740 1706 Abrupolim,
750 1644 836 1691 socium

166 1714 233 1769 utque
242 1708 338 1755 amicum
348 1708 424 1771 populi
434 1708 540 1762 Romani,
553 1724 624 1771 regno
634 1708 744 1771 expulisti·
766 1702 837 1757 Artess

166 1772 208 1833 tari
218 1770 379 1827 interfectores,
396 1779 421 1819 ut
431 1773 494 1820 coeds
508 1773 613 1837 (nequid
624 1773 683 1820 ultn
696 1770 779 1833 dicam)
795 1772 839 1819 lae·

165 1842 238 1883 tatum
256 1844 377 1899 appareret,
400 1837 509 1901 recepisti,
529 1838 568 1899 qui
586 1838 686 1885 omnium
704 1834 835 1898 Illyriorum

164 1898 296 1948 fidissimum
306 1900 413 1949 Romano
423 1903 509 1949 nomini
520 1902 622 1965 regulum
633 1901 766 1949 occiderant.
789 1900 836 1949 Per

164 1962 304 2015 l'nessaliam
315 1973 339 2014 et
349 1966 484 2015 Maliensem
495 1982 575 2029 agrum
583 1982 635 2014 cum
645 1966 745 2014 exercitu
756 1974 836 2014 contra

163 2028 239 2079 soedus
258 2030 362 2095 Delphos
380 2032 430 2081 isti:
455 2030 576 2093 Byzantiis
593 2031 648 2078 item
666 2038 745 2078 contra
759 2028 835 2079 foeaus

163 2095 245 2145 misisti
254 2096 342 2144 auxilia.
368 2095 429 2145 Cum
440 2094 536 2151 Boeotis,
548 2096 614 2145 sociis
624 2095 714 2149 nostris,
726 2101 834 2143 secretum

163 2158 263 2223 tibiipsi
281 2162 417 2216 societatern,
436 2176 504 2223 qnam
522 2176 569 2208 non
587 2160 715 2223 licebatju
740 2156 835 2207 'urendo

164 2224 278 2288 pepigisti.
311 2224 431 2273 Tnebanos
450 2226 545 2288 legatos,
564 2224 675 2273 Euersam
691 2231 714 2271 et
782 2220 835 2286 'cri-

164 2293 221 2342 tum.
233 2288 350 2337 venientes
359 2305 374 2337 a
383 2290 454 2344 nobis,
468 2305 568 2351 quaerere
578 2290 644 2344 malo,
656 2289 705 2350 quis
715 2286 834 2335 interfece-

164 2351 203 2413 ,rllv
218 2366 285 2413 quam
296 2368 396 2417 arguere.
431 2352 460 2401 In
476 2352 564 2402 AEtoiil
575 2354 658 2402 bellurn
668 2353 798 2400 intestinum
809 2356 834 2401 et

67 2461 77 2473 ,
163 2414 238 2474 caetles
249 2416 372 2479 principum
382 2434 422 2481 per
431 2434 497 2480 qnos,
511 2419 554 2466 nisi
563 2434 603 2482 per
613 2426 672 2474 tuos,
686 2416 753 2465 treta
763 2413 850 2474 videri<

162 2480 275 2541 possunt?
299 2480 400 2544 Dolopm
410 2499 424 2531 a
434 2490 457 2531 te
467 2484 517 2546 ipso
527 2483 620 2544 evastati
630 2488 690 2531 sunt.
717 2478 835 2546 Eumenes

152 2550 212 2597 rex,
227 2544 255 2591 ab
269 2542 345 2593 Romi
358 2560 408 2593 cum
419 2548 443 2594 in
454 2563 549 2611 regnum
560 2546 651 2601 rediret,
663 2542 740 2610 prop'e,
749 2551 775 2591 ¹¹2
785 2542 851 2613 ὦ,

164 2606 225 2665 tirus,
235 2606 331 2675 Delphis
336 2609 362 2659 in
371 2618 456 2664 ueruto
463 2607 574 2683 loeosnte
582 2609 753 2688 umnam»
765 2624 835 2683 Ψξθξξ,
