1892 2909
140 79 167 93 ·’
232 91 262 152 n.
277 90 367 142 mvn
383 89 436 140 ns
450 89 532 140 xnv.
552 90 614 143 mr.
628 93 668 143 rr.
738 92 788 140 aas

115 221 182 270 litate
191 223 257 271 editis
264 223 381 278 mmdatia,
393 221 482 288 AEpum
492 222 535 269 obi
544 229 567 270 et
574 220 710 269 Maroneam
715 221 788 284 petiit.

109 283 157 351 'Ita
171 287 278 336 destituti
292 303 370 336 eorum
385 303 432 349 spe,
447 287 493 347 qui,
510 286 579 332 fratre
592 294 703 340 accusato,
721 287 791 348 perti-

117 351 203 398 tionem
214 354 278 416 regni
288 354 409 415 petiturum
423 351 567 404 crediderunt,
583 351 667 396 curiam
682 351 786 401 excessit.

119 411 178 482 [Ut]
191 434 240 464 raro
251 419 305 464 alias
316 418 438 478 quisquam,
455 431 496 461 rex
507 421 545 461 aut
555 415 661 476 privatus,
677 422 741 462 tanto
754 415 789 465 fe-

82 513 86 522 ·
117 497 173 528 vore
184 491 291 543 tantoque
301 483 399 529 omniurn
412 495 504 527 assensu
517 487 552 526 est
566 480 668 537 auditus3
686 482 789 528 omnibus

116 545 238 594 honoribus
257 547 435 606 muneribusque,
456 553 479 592 et
497 559 596 606 praesena
612 551 647 590 est
663 546 743 598 cultus,
764 553 788 592 et

115 611 294 672 proticiscentem
313 610 424 673 prosecuti
443 617 503 656 sunt.
535 606 599 656 Inter
620 609 701 670 multus
723 609 788 661 Asiae

119 675 262 736 Graeciaeque
272 676 403 738 legationes,
418 673 559 722 Rhodiorum
570 674 667 720 maxime
677 675 745 736 legati
757 675 789 722 ci-

116 741 210 787 vitatem
222 747 393 788 converterunt:
412 754 471 791 nam,
484 753 536 784 cum
546 739 618 799 primo
628 739 652 784 in
660 747 724 785 veste
734 754 789 786 cen·

117 804 169 852 didt
179 807 221 853 visi
232 813 315 858 essent,
331 805 390 865 quod
400 803 538 866 gratulantes
549 803 645 857 decebat,
662 810 692 855 et,
709 804 728 850 si
740 820 788 850 sor·

116 869 190 917 didam
211 877 298 916 vestem
314 869 448 921 habuissent,
468 868 594 928 lugentium
614 866 691 914 Persei
710 884 787 916 casum

116 936 217 998 praebere
232 935 327 996 speciem
340 940 457 994 poterant;
474 941 591 993 postquem
603 933 698 978 consulti
709 934 737 980 ub
747 933 785 980 M.

117 998 188 1047 Junio
200 999 292 1045 consule
303 997 388 1051 Patres,
405 997 513 1044 stantibus
523 997 547 1042 in
558 997 648 1042 comitio
658 997 745 1058 legetis,
757 1012 787 1046 en

116 1064 200 1116 locum,
220 1063 295 1114 lautia,
313 1069 459 1122 senatumque
475 1061 559 1114 darent,
577 1061 662 1108 nullutn
678 1063 788 1123 hospitale

112 1129 153 1190 jus
172 1127 195 1173 in
213 1127 241 1174 iis
259 1128 391 1174 servandum
408 1133 556 1182 censuerunt;
577 1141 682 1187 egressus
697 1142 711 1172 e
727 1124 789 1175 curii

117 1191 204 1244 consul,
221 1208 272 1238 cum
284 1191 374 1245 Rhodii,
391 1190 527 1252 gratulatum
542 1205 567 1236 se
579 1190 607 1236 de
617 1188 717 1242 victorii,
733 1206 787 1252 pur·

116 1265 241 1319 gutumque
249 1257 449 1309 ciritatiscrimine,
460 1255 559 1301 dicentes
564 1255 659 1307 venisse,
669 1255 786 1316 petissent,

117 1329 143 1367 ut
155 1329 245 1368 senatus
256 1321 296 1368 sibi
307 1322 403 1372 daretur,
416 1319 555 1380 pronuntiat:
574 1327 590 1348 ‘⁴
598 1319 669 1366 Sociis
679 1326 702 1364 et
710 1319 788 1367 amicis

117 1393 142 1434 et
152 1386 194 1432 alia
205 1386 298 1432 comiter
310 1394 376 1445 atque
390 1383 527 1446 hospitaliter
540 1391 647 1446 praestare
661 1383 786 1440 Romanoa

117 1456 141 1496 et
153 1456 254 1496 senatum
266 1449 317 1496 dnre
328 1447 460 1496 consuesse:
480 1447 582 1494 Rhodios
594 1463 639 1494 non
653 1449 787 1496 ite‘men‘toa

116 1530 145 1562 eo
152 1514 218 1566 bello,
229 1521 254 1560 ut
262 1515 382 1560 amicorum
392 1514 502 1559 sociorum
512 1508 607 1559 numero
613 1513 705 1560 bubendi
714 1511 787 1560 sint”

118 1577 165 1626 His
176 1579 264 1633 auditis,
276 1587 442 1640 prostraverunt
454 1593 478 1624 se
489 1593 567 1624 omnes
577 1579 647 1631 bumi,
660 1577 788 1626 consulem.

117 1659 169 1704 que,
182 1650 206 1690 et
216 1652 309 1690 cunctos
320 1644 357 1704 qui
368 1642 466 1695 aderant,
480 1650 575 1696 orontes,
588 1658 617 1690 ne
624 1642 788 1703 novafuleaque

117 1709 211 1755 crimina
220 1709 270 1770 plus
281 1709 358 1755 obesse
369 1707 464 1754 Rhodiis
476 1723 565 1767 aequum
579 1715 703 1761 censerent,
720 1723 787 1768 quam

116 1773 208 1832 antiqua
218 1775 303 1826 merita,
316 1787 410 1833 quorum
421 1771 464 1833 ipsi
473 1779 543 1818 testes
553 1779 634 1818 essent.
656 1771 786 1834 Extemplo,

116 1845 181 1888 ueste
192 1836 280 1884 sordidi
291 1835 371 1889 sumti,
389 1836 468 1882 domos
483 1836 606 1899 principum
620 1852 672 1883 cum
686 1837 789 1898 precibus

115 1917 143 1950 ec
153 1902 258 1963 lacrymis
269 1902 420 1954 circumibant.
436 1908 532 1954 orentes,
548 1908 574 1947 ut
588 1901 650 1964 prius
664 1916 789 1964 cognosce-

41 1974 46 1984 ’
116 1973 168 2014 rent
178 1982 276 2020 causum,
288 1981 354 2027 quum
366 1965 574 2012 condemnarentur.

150 2029 224 2077 XXI.
246 2031 340 2078 Manius
358 2029 481 2080 Juventius
498 2029 594 2084 'lbalna
614 2037 705 2093 pretor,
724 2031 790 2093 cujus

117 2094 177 2160 inter
187 2096 247 2142 cives
259 2104 282 2142 et
291 2094 555 2160 peregrinosJurisdictio
566 2102 620 2148 erat,
631 2095 738 2158 populum
749 2095 790 2142 ud·

117 2173 197 2206 versus
208 2158 310 2206 Rhodios
325 2160 442 2207 incitabat:
462 2160 646 2222 rogationemque
660 2160 791 2222 promulga-

116 2231 188 2282 yerat,
208 2223 269 2271 “Ut
284 2224 379 2272 Rhodiis
393 2225 477 2272 bellum
491 2225 637 2271 indiceretur:
659 2233 683 2272 et
696 2240 725 2271 ex
741 2240 791 2274 ma-

117 2288 248 2359 gistratibus
259 2291 307 2352 ejus
318 2290 370 2336 anni
381 2290 513 2351 deligerent,
525 2291 563 2350 qui
574 2291 602 2336 nd
612 2290 634 2336 id
644 2290 728 2336 bellum
738 2305 793 2338 cum

116 2353 191 2412 classe
210 2353 360 2408 mitteretur,'’
385 2370 409 2402 se
427 2370 479 2402 eum
498 2369 589 2416 sperans
609 2354 710 2402 futurum
731 2371 789 2406 esse.

119 2415 183 2466 Huic
194 2419 276 2466 actioni
292 2417 329 2466 M.
340 2419 455 2467 Antonius
470 2426 493 2466 et
507 2419 544 2465 M.
556 2418 695 2481 Pomponius
709 2420 793 2467 tribuni

115 2483 188 2546 plebis
204 2484 386 2531 adversabantur.
415 2483 459 2532 Sed
475 2491 499 2530 et
514 2492 598 2545 praetor
614 2500 674 2530 novo
688 2484 794 2545 maloque

116 2549 222 2610 exemplo
234 2565 281 2595 rem
292 2549 409 2612 ingressus
421 2556 474 2602 erat,
487 2549 554 2608 quod,
570 2558 622 2596 ente
633 2563 678 2596 non
690 2550 794 2607 consulto

116 2606 204 2668 Senatu,
218 2628 264 2660 non
276 2614 405 2663 consulibus
415 2613 546 2661 certioribus
555 2611 628 2671 fectis,
640 2614 669 2662 de
679 2611 720 2662 mi
727 2613 795 2664 unius

147 2691 202 2726 vor..
216 2693 239 2725 v.
523 2681 567 2725 ir
681 2699 690 2711 =
