1892 2909
1 2783 99 2875 l.

141 129 191 176 240
253 121 648 173 T.L1vl11m‘XL111.·csr.
664 127 701 171 16.

143 257 267 319 oba'gesnte
286 254 421 318 Hispaniam
435 254 474 301 Μ.
488 252 596 303 Claudius
607 252 738 307 Marcellus,
748 252 815 301 'Sici-

99 348 105 368 ,
142 322 196 370 lissn
206 322 256 369 δα.
270 320 390 370 Cornelius
400 318 519 373 Lentulus,
533 320 656 366 Sardiniam
666 317 693 365 P.
705 317 816 365 Fonteius

142 386 234 449 Cupito,
252 386 345 433 chssem
365 384 394 434 C·
411 385 513 432 Marcius
533 383 628 445 Figulus
647 390 695 431 erat
713 384 813 431 sortitus·

144 449 281 505 commum,
294 450 338 500 Cn.
349 450 443 498 Servilio
454 448 527 503 Italia,
541 448 572 503 0,
582 448 671 495 Marcio
683 448 819 495 Macedonia

146 517 251 564 obvenit:
271 515 403 575 latinisque
414 516 477 568 actis,
489 514 591 561 Marcius
599 514 712 575 extemplo
723 520 759 559 est
766 529 820 575 pro-

95 598 98 604 ·
144 579 225 629 iectus.
262 579 370 642 Caepione
384 579 464 626 deinde
478 578 744 630 referentesdsenatum,
763 592 819 639 quas

146 660 177 693 ex
191 646 257 693 novis
271 645 396 707 legionibus
409 644 465 689 duas
480 643 581 705 legiones
596 658 672 689 secum
685 645 709 689 in
720 642 819 690 dulim

147 711 246 763 dmmet,
258 706 377 757 decresire
388 706 476 762 Patres,
487 715 513 754 ut
525 706 553 755 C.
568 708 686 769 Sulpicius,
699 706 742 754 M„
749 704 820 755 Clau-

146 776 204 829 dius,
222 781 337 836 pretores,
353 786 383 819 ex
401 773 436 819 his
455 787 510 833 ques
529 772 669 833 scripsissent
684 770 818 834 legionibus,

147 854 203 901 qum
210 839 330 891 viduetur,
341 837 428 883 consuli
438 838 524 888 duent,
551 835 648 899 Indigne
655 837 753 898 patiente
761 854 820 900 prae-

148 911 224 951 torum
240 901 330 949 arbitrio
344 902 458 950 consulem
474 902 605 964 subjectum,
623 901 714 948 dimisso
732 912 818 959 senatu,

144 967 178 1017 sd
195 966 292 1014 tribunisl
306 973 429 1028 praetorum
448 973 510 1013 stans
528 966 656 1028 postulavit,
674 980 703 1013 ex
715 968 822 1015 'senatis-

149 1032 253 1081 consulto
262 1031 400 1079 destinarem
409 1031 450 1078 sibi
459 1031 515 1077 duas
522 1031 636 1093 legiones:
650 1038 758 1092 praetores
767 1049 822 1080 con-

149 1098 194 1145 suli
203 1097 227 1143 in
238 1096 341 1159 eligendo
351 1096 465 1143 arbitrium
475 1094 583 1142 fecenunt.
620 1096 727 1143 Senatum
742 1097 822 1145 deinde

150 1176 256 1209 censum
265 1162 382 1224 lagenmt:
401 1160 438 1207 M.
452 1160 560 1207 AEmilius
570 1159 670 1223 Lepidus
680 1162 781 1225 princeps
793 1164 821 1210 ab

150 1228 223 1275 ternu
229 1228 277 1289 jam
287 1227 415 1274 censoribus
425 1225 505 1273 lectus.
541 1226 632 1287 Septem
643 1242 656 1273 e
667 1234 745 1273 senatu
755 1229 821 1291 ejecti

113 1304 119 1312 ·
151 1299 212 1339 sunt.
248 1290 277 1337 In
295 1306 364 1338 censu
382 1291 509 1353 accipiendo
525 1290 607 1353 populi,
624 1291 706 1337 milites
722 1306 751 1338 ex
767 1292 822 1341 Ma·

151 1356 260 1405 cedonico
266 1356 374 1409 exercitu,
391 1356 506 1417 quiquam
517 1355 581 1402 multi
591 1356 694 1403 abessent
705 1358 732 1404 ab
742 1357 820 1421 signis,

152 1436 234 1471 census
251 1421 332 1475 docuit,
350 1421 374 1467 in
390 1422 527 1482 provinciam
546 1422 767 1483 cogebantt-ceuses
783 1424 823 1471 sti-

148 1488 240 1550 pendiIa
248 1489 261 1516 ⁸
273 1487 393 1533 missorum
404 1487 581 1548 cognoscebant:
601 1493 630 1539 et,
649 1488 712 1548 cujus
723 1486 822 1535 nondum

149 1552 213 1615 juste
228 1551 305 1606 missio
323 1551 372 1598 visu
386 1558 452 1604 esset,
469 1551 502 1598 ita
514 1550 669 1613 jusjurandum
688 1552 819 1614 adigebant:

155 1617 223 1664 “Ex
239 1617 272 1663 tui
289 1616 357 1663 animi
374 1613 490 1670 mutendi,
507 1623 532 1662 tu
550 1630 579 1662 ex
595 1616 667 1663 edicto
682 1613 710 1663 (i
725 1615 822 1673 Claudii,

149 1679 193 1728 ii
204 1680 329 1743 Sempronii
341 1694 466 1734 censorum,
484 1680 507 1725 in
518 1680 653 1742 provinciam
665 1680 823 1731 Macedoniam
859 1692 864 1697 ‘

154 1744 243 1798 redibis,
254 1744 315 1805 quod
325 1744 374 1791 sine
384 1744 435 1791 dolo
445 1746 505 1791 malo
515 1744 588 1793 facere
598 1746 681 1808 poteris
687 1744 716 1791 ?”

188 1808 260 1856 XVI.
280 1807 308 1855 In
324 1810 433 1869 equitibus
451 1810 599 1870 recensendis,
616 1810 822 1859 tristisadmodum

155 1882 317 1987 wi:
329 1875 825 2001 willielmi&

152 2011 214 2060 seut,
231 2004 344 2052 flammam
360 2005 451 2053 invidie
466 2003 573 2069 adjecere,
591 2006 670 2060 edicto,
686 2022 730 2067 quo
748 2006 824 2055 edixe-

156 2077 218 2124 runt,
236 2077 253 2099 “
264 2068 303 2117 Ne
312 2070 362 2131 quis
371 2085 456 2124 eorum,
468 2071 506 2132 qui
519 2070 551 2125 Q.
561 2069 650 2125 Fulvio,
662 2072 694 2118 A.
706 2071 824 2121 Postumio

156 2135 291 2188 omson'bus,
308 2134 395 2196 publica
409 2135 527 2198 vectigalia
542 2142 581 2182 aut
597 2137 656 2183 ultro
673 2136 754 2183 tributa
770 2152 825 2187 con·

154 2199 279 2254 duxiasent,
297 2200 325 2245 ad
343 2200 429 2247 beatam
447 2216 511 2247 suam
527 2200 648 2255 accederet,
666 2200 769 2249 sociusve
786 2202 826 2251 aul

157 2263 231 2311 affinis
244 2265 293 2326 ejus
307 2264 461 2311 conductionis
475 2263 560 2312 esset.”
595 2266 661 2327 Saepe
673 2265 697 2312 id
711 2267 824 2326 querendo

156 2334 245 2375 scices
251 2328 362 2389 publicani
371 2344 424 2375 cum
433 2330 552 2391 impetrare
562 2327 693 2391 nequissent
703 2331 730 2377 ab
738 2339 824 2389 senatu,

158 2397 184 2438 ut
202 2391 294 2438 modum
311 2394 417 2453 potestati
437 2396 545 2441 censoriae
565 2395 712 2456 imponerent,
736 2396 827 2445 tandem

158 2455 272 2504 trihmum
285 2455 356 2517 plebis
370 2456 398 2503 P.
411 2457 531 2513 Rutilium,
548 2460 620 2505 exrei
630 2460 724 2521 privatae
734 2466 829 2509 conteu-

159 2518 221 2566 tioue
234 2520 315 2567 itanum
330 2522 466 2576 censoribus,
483 2530 602 2585 patronum
613 2538 687 2573 causas
698 2524 757 2571 nacti
768 2532 828 2573 sunt,

161 2580 273 2631 cientem
287 2585 415 2632 libertinum
429 2587 536 2647 parietem
551 2588 574 2633 in
591 2587 660 2635 Sacri
673 2586 710 2635 vii
724 2589 831 2637 adversus

151 2646 225 2708 ,sedes
235 2649 334 2711 publicas
348 2649 449 2724 demoliri
459 2652 582 2713 jusserant,
598 2652 659 2714 quod
673 2653 833 2715 publicolae·
