1892 2909
146 117 193 163 ιιι
276 110 305 157 r.
319 108 407 169 mvn
424 107 477 155 un
491 106 561 156 xm.
580 106 641 157 cr».
657 95 697 157 ιιι

59 247 60 251 ’
146 240 261 295 cumsedit,
279 245 302 287 et
318 240 389 287 vineis
406 251 536 301 oppugnare
553 236 662 284 intenditz
679 248 820 300 omnemque·
876 245 881 253 ·

146 304 334 370 praeterfluentem
350 304 440 357 moenie,
458 303 496 363 qui
513 310 537 349 et
549 302 708 364 impedimento
725 316 815 367 oppugs

147 372 250 418 nantibus
260 376 315 423 erat,
330 376 355 417 et
369 369 509 429 aquationem
521 366 585 413 Istris
595 368 713 428 praebebat,
730 370 817 415 multo-

148 452 198 483 rum
209 435 293 481 dierum
304 449 371 496 opere
381 442 499 494 exceptum
510 447 570 479 novo
580 432 644 478 alveo
654 433 742 479 evertit.
777 433 817 481 Ea

149 516 184 548 res
202 501 305 547 barbaros
324 498 430 545 miraculo
448 498 528 543 terruit
542 496 634 543 abscisae
649 512 729 557 aquae:
745 505 770 544 et
786 513 817 545 ne
920 539 923 546 .

149 576 197 613 tum
212 565 300 625 quidem
314 578 424 609 memores
438 562 507 623 pacis,
523 560 547 607 in
562 560 779 624 caedemconjugum
788 577 818 611 ις

148 632 267 677 liberorum
277 628 343 681 versi,
355 628 421 674 etiem
434 632 459 672 ut
469 626 594 687 spectaculo
605 626 706 673 hostibus
715 635 761 673 tam
771 626 817 674 im·

150 696 203 741 dunr
219 694 304 740 focinus
319 699 384 745 esset,
401 691 474 753 palam
488 692 512 736 iu
526 691 597 737 muris
606 691 818 753 tmoidetospraeci·

149 760 254 823 pitsbant.
296 755 360 803 Inter
381 755 447 801 simul
468 755 666 817 complorationem
682 754 818 808 feminarum

149 836 319 887 puerorumque,
332 819 398 867 simul
408 819 526 867 nefandam
536 820 629 873 caedsu,
640 820 729 875 milites,
742 818 821 869 nansi

149 888 222 997 grcpsi
241 901 337 939 murum,
355 882 684 995 oppidnlqrmintrdfruqtzficujrrs
702 887 760 997 csptti
777 894 819 935 tu·

151 959 322 999 mutumutex
360 965 382 995 ιι
398 965 435 996 oo
480 964 519 996 ore
577 964 606 996 en
624 965 662 996 nm
740 965 747 997 ι
767 964 816 1007 rex,

152 1005 237 1079 trajecit
248 1014 306 1062 ferro
314 965 398 1077 pddtirn
408 1029 437 1060 ne
447 1015 513 1061 vivus
523 965 651 1076 congreto:
664 966 740 1061 ἐξ
750 1018 818 1079 cepti,

152 1090 191 1129 ant
202 1080 275 1127 occisi.
310 1080 367 1127 Duo
382 1080 461 1127 deinde
475 1078 562 1140 oppida,
579 1078 663 1125 Mutila
677 1086 700 1125 et
715 1079 818 1136 Faveria,

152 1148 176 1194 vi
193 1153 257 1207 capte
272 1152 295 1191 et
311 1143 388 1191 deleto.
423 1143 511 1197 Praeds,
528 1143 593 1189 utin
608 1150 678 1204 geute
693 1144 762 1207 inopi,
778 1160 822 1207 cpe

153 1212 224 1321 muljlqr
233 1210 282 1285 iniq
294 1217 318 1257 et
327 1208 400 1256 omnis
410 1208 517 1320 ιιιὲἰιέἓιιιι
527 1215 685 1319 οιιέιιὲειιιιῗ
712 1208 823 1320 Qrp'pque

154 1292 185 1323 rm
209 1290 262 1323 aca
277 1284 332 1321 itum
348 1287 428 1321 sexcen
586 1286 642 1319 uos
686 1286 740 1319 coro
777 1288 822 1322 ve-

154 1290 376 1388 niemanpauotores
386 1338 437 1385 belli
443 1287 584 1399 virgigsmcaesi
595 1343 620 1383 et
629 1338 701 1384 securi
711 1340 821 1400 percussi.

112 1444 114 1451 ,
155 1404 222 1452 latria
236 1411 284 1451 tota
298 1404 364 1450 trium
380 1402 510 1463 oppidorum
525 1401 623 1448 exscidio
636 1410 660 1449 et
674 1410 748 1450 morte
762 1405 827 1466 regie

154 1476 233 1533 poento
240 1476 287 1516 cst:
301 1482 422 1528 omnesque
433 1466 530 1527 undique
538 1466 621 1527 populi,
632 1467 744 1513 obsidibus
754 1468 821 1522 detis,

155 1536 179 1581 in
194 1534 300 1581 ditionem
315 1538 430 1579 venerunt·
466 1531 513 1583 Sub
523 1529 745 1587 Istriciiinembelli.
761 1533 821 1595 epud

156 1597 254 1661 Ligures
265 1597 357 1643 concilia
367 1595 461 1644 debello
472 1596 546 1642 haberi
556 1602 637 1657 coepta.
808 1635 814 1643 .

189 1660 249 1707 x11.
267 1659 306 1708 Ti.
318 1659 425 1709 Claudius
442 1660 569 1721 proconsul,
590 1660 628 1720 qui
646 1667 730 1723 praetor
747 1662 823 1724 priore

56 1738 57 1741 ’
155 1740 216 1773 anno
229 1724 308 1779 fuerat,
326 1739 377 1771 cum
392 1724 496 1787 praesidio
505 1724 601 1786 legionis
615 1726 681 1771 unius
692 1724 752 1773 Pisis
761 1742 826 1789 prae

156 1797 216 1837 erat:
235 1790 299 1853 oujrrs
316 1788 386 1836 literis
403 1796 493 1835 senatus
511 1790 591 1835 certior
608 1788 688 1842 iactus,
705 1806 744 1837 eas
761 1792 823 1855 ἥρω

155 1856 230 1901 literas
241 1854 269 1901 ed
280 1851 308 1902 C·
317 1850 434 1901 Claudium
447 1854 510 1916 (nam
520 1854 576 1900 alter
586 1855 719 1916 consuljam
730 1855 757 1901 in
769 1857 823 1905 Sun-

157 1919 238 1967 diniam
255 1915 381 1981 trajecerat)
398 1916 527 1978 deferendas
543 1926 632 1965 censet:
652 1926 675 1965 et
690 1919 766 1982 adjicit
781 1922 823 1969 de·

157 1992 258 2041 oretum;
275 1983 379 2045 quonism
394 1980 462 2029 Istria
474 1982 588 2044 provincia
601 1982 703 2031 consents
717 1993 785 2041 meet,
800 1987 822 2035 si

156 2050 178 2099 ei
189 2050 306 2102 videretur,
318 2047 440 2095 exercitum
450 2048 574 2095 traduceret
583 2048 607 2093 in
618 2046 725 2127 Lrpmes.
749 2050 823 2099 Simul

156 2129 188 2161 ex
197 2114 266 2161 literis
276 2112 380 2167 consulis,
389 2127 444 2173 quas
454 2111 483 2158 de
493 2113 558 2159 rebus
565 2113 589 2158 in
598 2111 665 2160 Istria
671 2114 743 2175 gestis
753 2116 825 2179 scrip·

158 2186 224 2232 seret,
241 2179 264 2224 in
281 2178 371 2225 biduum
389 2176 518 2239 supplicatio
535 2177 631 2227 decreto.
664 2177 698 2225 Et
711 2179 740 2225 ab
752 2180 825 2227 altero

159 2242 250 2289 consule
257 2241 295 2289 Tr.
306 2242 438 2303 Sempronio
447 2242 470 2287 iu
479 2240 580 2288 Sardinid
585 2258 691 2303 prospere
698 2258 734 2289 res
740 2251 823 2305 gata,

159 2306 291 2353 Exercitum
310 2306 431 2368 inagnum
450 2305 571 2353 Sardorum
593 2305 708 2352 [bennum
727 2307 823 2355 induxit.

158 2370 291 2419 Balarorum
301 2386 384 2433 magna
393 2371 476 2417 auxilia
487 2368 604 2417 Iliensibus
614 2378 728 2418 venerant.
764 2372 828 2421 Cum

159 2432 252 2497 utrique
265 2443 334 2498 gente
345 2436 414 2498 signis
425 2435 511 2482 collutis
521 2434 635 2482 conflixit:
653 2435 698 2482 fusi
711 2436 829 2500 fugatique

159 2501 250 2555 hostem<
260 2501 381 2561 castrisque
391 2501 465 2547 exuti:
486 2500 602 2547 duodecim
612 2499 681 2547 millia
690 2504 831 2551 armum

152 2580 225 2613 cess.
260 2564 357 2613 Postero
376 2565 412 2611 die
430 2580 492 2613 arms
509 2565 568 2612 lecta
585 2566 665 2628 conjici
681 2566 705 2612 in
722 2582 830 2618 acervum

130 2690 132 2693 Ι
156 2630 224 2693 jussit
235 2630 326 2688 consu13
339 2644 470 2691 sacrumque
480 2629 504 2676 id
514 2628 619 2679 Vulcano
628 2631 743 2681 crement
772 2631 830 2685 Vio-
