1892 2909
156 102 208 146 ³40
274 95 304 144 Τ.
318 94 407 144 1.1v11
425 94 478 144 Lu·
493 90 571 143 XLV.
592 92 651 145 Cur.
665 91 720 144 82(
814 167 819 173 ι

157 223 297 288 prefectum,
316 240 361 286 quo
375 233 477 287 tempore
492 219 550 272 oum'
559 226 637 272 lembis
652 225 711 271 cirea
726 207 859 270 lesbum

158 298 196 336 est
207 297 309 352 vegetus,
325 297 393 352 portu
407 297 521 352 receptum
533 290 693 337 commeatibus
704 289 836 350 juvissent.

131 379 135 392 ι
159 353 216 400 Duo
228 357 299 401 securi
309 356 408 417 percussi
423 355 464 400 viri
479 356 595 417 insignem
613 355 765 406 Andronicus,
781 353 839 399 An·

158 419 244 466 droniei
259 419 324 472 filius,
341 419 441 474 AEtolus,
462 421 529 479 quod,
550 427 635 481 patrem
652 426 748 471 secutus,
767 432 839 464 amia

157 489 238 530 eontra
245 485 350 546 populum
360 483 490 531 Romanum
498 484 596 531 tulisset:
610 483 692 531 etNeo
698 482 836 537 Thebanus,

158 563 205 610 quo
215 559 306 596 auctore
316 549 445 596 societatem
457 561 509 595 cum
518 548 602 595 Perseo
607 550 738 610 junxerant.

193 611 307 660 xxxll.
327 612 373 659 His
383 629 458 660 remm
469 621 611 660 extemamm
622 613 790 675 cognitionibus
797 611 840 658 in-

86 724 89 730 ,
159 679 279 740 terpositis,
292 678 445 725 Macedonum
456 692 533 724 rursus
543 678 675 724 advocatum
693 676 832 724 concilium:

159 744 337 804 pronuntiatum,
356 751 372 772 ‘⁸
385 742 454 796 Quod
464 743 494 790 ad
505 750 588 789 statum
603 742 746 789 Macedoniae
760 742 836 802 perti·

161 808 235 861 nebat,
246 814 366 860 senatores,
375 823 432 868 quos
441 808 554 868 Synedros
560 814 650 861 vocant,
657 807 765 869 legendos
771 822 835 860 esse,

160 887 257 932 quorum
272 871 366 919 consilio
381 888 416 920 res
428 873 515 934 publiea
529 869 745 918 udmimstmretur.’‘
779 869 836 917 No-

160 937 223 982 mine
241 935 320 982 deiude
339 945 392 984 suut
410 938 502 983 recitata
522 937 646 998 principum
666 936 833 990 Macedonum,

160 1015 218 1060 quos
234 1015 285 1046 cum
300 1001 381 1056 liberis,
399 1002 518 1062 majoribus
532 1017 599 1062 quum
616 1001 743 1062 quindecim
758 1015 835 1047 annos

161 1065 227 1118 nutis,
237 1066 362 1127 praeuedere
370 1067 394 1112 iu
403 1065 491 1112 ltaliam
501 1067 606 1128 placeret
632 1065 666 1119 Id,
678 1062 750 1126 primi
757 1066 836 1126 specie

160 1143 257 1183 meum,
277 1145 332 1177 mox
346 1132 446 1192 apparuit
464 1131 601 1177 multitudini
618 1129 771 1176 Macedonum
789 1145 836 1190 pru

160 1194 262 1242 libertate
278 1193 318 1241 sud
334 1211 384 1242 esse
398 1195 496 1242 factum:
516 1196 624 1242 nominati
635 1202 688 1241 suut
698 1195 758 1240 erim
769 1195 835 1256 regis

160 1259 225 1305 amici
241 1261 404 1321 purpuratique,
422 1261 490 1307 duces
506 1261 651 1313 exercitumn,
669 1257 770 1320 praefeeti
790 1274 834 1306 na·

157 1323 222 1370 sium
235 1332 274 1371 eut
289 1325 458 1385 praesidiorum
477 1326 560 1372 servire
575 1325 624 1386 regi
640 1323 761 1375 humiliter,
781 1323 834 1370 aliia

108 1413 110 1426 '
159 1389 834 1516 iiissiiili‘i‘dffiiuiiuliiii'hrssqm

159 1518 226 1564 nibus
236 1519 310 1565 victus
321 1520 473 1580 vestitusque:
493 1519 548 1564 nulli
558 1519 630 1565 civilis
640 1519 738 1570 animus,
756 1533 833 1577 neque

159 1581 238 1644 legum
249 1598 321 1644 neque
332 1583 438 1631 libertatis
450 1599 521 1644 aequae
529 1584 623 1645 patiens.
653 1583 740 1630 Omnes
750 1583 831 1644 igitur,

160 1647 230 1706 quiin
241 1647 349 1708 aliquibus
358 1649 486 1695 ministeriis
492 1649 568 1710 regiis,
578 1649 644 1694 etium
651 1649 690 1708 qui
700 1647 724 1692 iu
731 1647 832 1694 minimis

159 1710 308 1772 legationibus
318 1711 415 1766 fuerent,
423 1715 482 1776 jussi
493 1711 629 1760 Macedonii
636 1713 751 1765 excedere,
763 1721 833 1772 atque

159 1774 184 1820 in
195 1772 283 1822 Italiam
295 1777 342 1823 ire:
362 1779 399 1838 qui
411 1793 457 1826 nou
469 1779 580 1839 potuisset
592 1778 693 1839 imperio,
712 1791 774 1822 mors
790 1776 833 1822 de-

159 1840 283 1886 nuntiate.¹
303 1831 380 1902 Leges
392 1842 534 1889 Macedoniae
548 1842 609 1888 dedit
623 1858 675 1888 cum
690 1839 752 1888 tanti
766 1839 830 1896 ouri,

160 1911 242 1951 utnon
253 1905 353 1952 hostibus
367 1907 440 1960 victis,
459 1908 498 1954 sed
512 1908 579 1954 sociis
595 1909 652 1954 bene
667 1905 759 1959 meritis,
777 1906 832 1953 dare

159 1969 290 2028 videreturq
306 1978 329 2017 et
344 1987 399 2031 quas
415 1987 444 2019 ue
463 1987 517 2018 usus
534 1971 624 2032 quidem
641 1972 712 2032 longo
728 1978 832 2032 tempore

160 2035 211 2098 (qui
223 2050 280 2082 unus
290 2042 325 2081 'est
336 2036 413 2098 legum
425 2033 549 2095 corrector)
565 2036 700 2098 experiendo
715 2044 828 2098 argueret.

160 2098 200 2145 Ab
208 2100 270 2150 seriis
281 2101 346 2146 rebus
357 2101 474 2154 ludicrum,
484 2101 545 2162 quod
554 2117 584 2148 ex
598 2101 671 2147 multo
681 2109 734 2147 aute
744 2115 832 2162 praepe-

160 2169 216 2216 reto,
229 2172 252 2210 et
262 2165 285 2210 in
294 2166 358 2212 Asiae
369 2165 477 2220 civitates,
492 2166 555 2212 etad
569 2181 635 2227 reges
647 2166 729 2219 missis,
743 2166 781 2225 qui
792 2166 832 2211 de-

157 2228 295 2282 nuntiarent,
308 2237 331 2276 et
345 2243 397 2276 oum
409 2231 536 2278 circumiret
550 2231 598 2292 ipse
610 2232 708 2278 Graeeiae
721 2231 829 2284 civitates.

159 2292 269 2340 indixerat
275 2295 417 2356 principibus,
425 2311 510 2358 magno
516 2303 622 2357 apparatu
630 2295 760 2356 Amphipoli
767 2293 828 2340 fecit

159 2354 221 2401 Nem
239 2365 262 2403 et
276 2358 385 2405 artificum
397 2361 470 2406 omnis
481 2362 578 2422 generis,
591 2361 628 2420 qui
639 2359 746 2406 ludicram
760 2368 829 2405 artem

158 2417 275 2474 faciebant,
287 2436 316 2467 ex
328 2430 376 2469 toto
385 2425 438 2470 orbe
446 2431 555 2471 terrarum
563 2424 691 2477 mrdtitudo,
704 2432 727 2470 et
737 2423 831 2470 athlete-

158 2497 217 2536 rum,
236 2491 260 2530 et
275 2486 381 2532 nobilium
396 2503 512 2547 equorum,
528 2488 649 2535 convenit:
669 2496 692 2534 et
705 2488 830 2548 legationes

154 2560 210 2592 eum
221 2547 325 2602 victimis,
339 2557 362 2596 et
372 2551 479 2611 quidquid
489 2553 549 2599 aliud
558 2553 663 2598 Deorum
671 2553 831 2611 bominumque

158 2606 226 2656 carisi
235 2609 283 2657 lieri
294 2613 383 2674 maguis
393 2615 451 2662 ludis
462 2617 486 2662 in
498 2615 591 2664 Graecii
604 2618 668 2664 solet.
698 2615 735 2663 Ita
744 2615 829 2662 fautum
847 2613 851 2620 '
