1892 2909
157 129 205 175 cc
300 123 330 172 n.
344 94 432 172 n1v'11
449 117 501 171 nrt
515 121 570 171 xn
591 120 650 173 cn.
667 126 704 171 re.

174 261 264 302 cunutus
274 268 331 306 sum,
343 253 568 315 recognoscendum,
580 252 633 313 quid
642 258 752 313 ageretur,
764 228 847 299 habim'

174 318 259 367 Utrum
269 324 383 364 momento
397 316 436 363 illo
446 319 509 363 horse
518 323 669 363 accusatorem
680 316 796 363 audirem?
811 331 842 363 un

173 382 323 431 defensionem
342 380 478 429 meditarer?
503 379 621 426 Attonitus
640 381 754 442 repentino
772 387 843 440 atque

173 447 287 509 inopinato
301 446 368 498 mulo,
387 445 432 500 vix,
452 444 504 505 quid
514 444 651 507 olpjiceretur,
666 445 790 507 intelligere
800 445 843 505 po-

174 512 224 568 tui;
241 511 323 558 nedum
335 510 473 562 musseium,
486 524 530 569 quo
542 509 609 555 modo
622 524 660 555 mc
673 516 743 554 tucur.
779 508 844 561 Quid

174 576 230 622 mihi
245 574 291 637 spei
301 582 366 627 esset,
385 573 427 619 nisi
438 580 523 635 patrem
533 572 632 635 judicem
645 571 765 619 hebetem?
782 572 844 635 apud

175 654 242 700 quem
256 639 341 686 euamsi
352 638 442 684 osritme
452 653 465 683 o
474 637 543 683 fratre
556 638 641 699 majore
654 638 739 690 vincor,
754 637 843 682 miseri-

174 701 250 750 cordii
258 709 318 750 certe
328 716 379 748 reus
388 702 448 747 vinci
458 716 505 746 non
515 701 591 747 debeo.
625 701 679 764 Ego
689 702 756 754 enim,
768 708 794 747 ut
805 716 843 747 me
879 719 882 736 ¹

175 768 230 813 mihi
238 768 319 828 tibique
330 780 411 819 serves,
423 780 514 827 precor:
526 765 571 819 ille,
583 773 610 812 ut
618 780 656 812 me
664 766 688 811 in
700 765 843 826 securitatem

176 846 238 879 suam
249 830 343 883 occidas,
359 830 462 891 postulat.
498 828 560 883 Quid
573 845 632 884 ems,
648 844 700 876 cum
714 830 843 891 regnumei

175 895 296 949 tradideris,
314 893 424 941 lecturum
439 894 510 939 credis
524 893 547 938 in
558 908 595 939 me
604 909 660 947 esse,
678 894 716 954 qui
721 894 770 955 jum
781 908 844 940 nunc

177 959 285 1020 sanguine
297 973 347 1004 meo
358 958 398 1004 sibi
408 957 517 1018 indulgeri
528 972 617 1017 aequum
627 956 737 1004 censetl”
838 995 841 1000 .

182 1049 187 1060 ·
211 1020 283 1068 XVI.
296 1022 388 1068 Dicenti
397 1021 446 1067 lraec
456 1022 562 1081 lacrymae
576 1022 642 1067 simul
655 1020 756 1082 spiritum
766 1028 791 1067 et
801 1036 844 1068 vo·

177 1101 227 1135 cem
237 1087 414 1133 intercluserunt.
434 1083 557 1146 Philippus,
569 1086 675 1131 submotis
684 1086 719 1138 iis,
730 1085 844 1147 paulisper

178 1150 301 1198 collocutus
312 1165 363 1197 cum
373 1149 456 1202 amicis,
468 1148 625 1209 pronuntiavit,
639 1156 654 1179 ¹⁴
662 1148 717 1195 Non
726 1148 841 1202 verbine,

178 1230 221 1262 nec
235 1215 301 1262 unius
314 1215 377 1260 horse
390 1213 553 1274 disceptatione,
568 1227 657 1259 cuumm
671 1225 749 1259 eorum
762 1212 844 1275 dijudi-

179 1285 287 1332 csturum,
305 1278 344 1324 sed
356 1276 488 1337 inquirendo
501 1277 525 1321 in
539 1276 652 1337 utriusque
663 1276 741 1330 vitam,
759 1292 842 1333 mores,

179 1350 204 1390 et
219 1343 278 1389 diets
292 1341 394 1401 hosque
409 1341 432 1385 in
449 1340 537 1401 magnis
552 1342 669 1401 parvisque
686 1342 751 1387 rebus
766 1342 844 1388 omer.

178 1407 252 1455 vando
260 1404 285 1453 :''
301 1412 326 1454 ut
340 1404 441 1450 omnibus
454 1411 574 1466 appareret,
590 1404 662 1452 noctis
675 1406 784 1467 proximae
798 1406 844 1452 cri-

177 1486 230 1518 men
244 1468 309 1517 iecile
326 1469 448 1526 revictum
469 1475 592 1529 suspectum
611 1469 701 1516 nimiam
719 1484 771 1516 cum
789 1468 843 1517 Ro-

177 1536 249 1582 mauis
263 1532 374 1581 Demetrii
387 1533 481 1593 gratiam
492 1546 549 1578 esse.
582 1531 650 1587 Hssaec,
663 1533 718 1580 vivo
727 1532 841 1596 Philippo,

175 1600 239 1647 velut
248 1598 333 1645 semina
338 1598 400 1659 jacta
413 1602 465 1644 sunt
475 1595 615 1643 Macedonici
628 1597 686 1650 belli,
702 1597 761 1658 quod
768 1600 842 1645 mcxi-

175 1678 214 1710 me
227 1676 279 1708 cum
294 1660 376 1709 Perseo
391 1660 513 1723 gerendum
527 1667 581 1708 erat.
616 1659 727 1709 Consules
740 1663 806 1709 ambo
816 1663 841 1709 in

176 1725 282 1787 Ligures,
294 1740 344 1785 quae
354 1731 402 1771 tum
414 1740 458 1771 uns
468 1725 589 1771 consuleris
598 1726 712 1786 provincis
721 1734 775 1781 erat,
786 1742 842 1789 pro-

176 1789 317 1837 ficiscuntur:
337 1794 367 1843 et,
383 1790 434 1850 quia
443 1803 548 1851 prospere
557 1789 585 1835 iol
599 1805 635 1837 res
649 1799 773 1853 gesserm
786 1806 842 1854 sup·

173 1854 263 1917 plicatio
281 1853 305 1900 in
321 1866 391 1899 unum
410 1853 468 1900 diem
484 1853 575 1900 decretu
589 1861 631 1900 est.
665 1853 777 1916 Ligunuu
793 1855 840 1902 duo

175 1918 244 1966 millia
253 1916 300 1964 lere
309 1916 338 1964 ed
347 1924 471 1964 extremum
486 1917 553 1965 linem
567 1918 687 1979 provinciae
698 1919 786 1974 Galliae,
803 1920 842 1967 uhi

175 1989 249 2030 cesus
259 1980 381 2029 Marcellus
391 1982 490 2034 habebat,
506 1988 621 2036 venerunt,
639 1983 672 2029 uti
682 1984 840 2044 reciperatur,

175 2055 273 2095 orantes.
308 2044 438 2100 Marcellus,
455 2047 549 2107 opperiri
560 2047 637 2093 eodem
652 2048 704 2093 loco
718 2046 842 2109 Ligunltus

170 2112 248 2175 Jussis,
260 2117 361 2157 senatum
371 2125 411 2173 per
417 2110 492 2157 literas
502 2110 620 2157 consuluit.
655 2111 750 2159 Senatus
761 2112 842 2159 rescri-

175 2176 228 2222 bere
238 2173 274 2222 M.
286 2174 409 2237 Ogulnium
420 2182 538 2236 prsetorem
549 2173 658 2222 Marcello
664 2176 745 2238 jussit:
765 2182 782 2205 ‘⁸
790 2174 842 2225 Ve-

175 2239 221 2286 rius
234 2238 310 2292 iubae
327 2239 436 2293 consules,
453 2254 548 2299 quorum
561 2240 676 2302 provincia
689 2246 755 2294 esset,
772 2254 841 2301 quum

174 2317 206 2357 se,
224 2302 334 2364 quidese
348 2301 435 2364 publici
450 2310 517 2357 esset,
534 2304 664 2350 decernere:
683 2311 732 2351 tum
750 2318 842 2366 quoque

175 2380 221 2413 non
236 2366 328 2428 plscere
347 2367 419 2429 siper
433 2368 567 2415 dediuonen
577 2366 675 2429 Ligures
689 2367 786 2429 recipiet,
803 2384 841 2417 rc-

174 2432 244 2492 ceptis
254 2445 315 2479 srma
325 2431 403 2478 adimi:
422 2438 495 2493 utque,
512 2447 552 2479 eos
561 2431 590 2479 ad
599 2432 713 2479 consulem
724 2432 790 2486 mitti.
802 2448 841 2481 se·

173 2501 251 2542 ustum
265 2509 354 2557 aequum
368 2495 486 2543 censere-’²
518 2495 631 2545 Praetores
641 2497 720 2544 eodem
729 2503 839 2560 tmpore,

171 2556 199 2605 P.
210 2558 311 2607 Manlius
321 2559 344 2606 in
355 2560 482 2608 ulteriorem
493 2558 633 2623 Hispaniam,
651 2576 717 2622 quam
727 2567 751 2607 et
759 2560 836 2623 priore

170 2620 267 2686 prmturl
277 2625 413 2687 pruvinum
428 2624 567 2683 obtinuerim
585 2623 616 2681 0,
630 2622 725 2679 Fulvius
738 2623 836 2677 numo·
