1892 2909
253 131 455 188 urrunnu„
468 96 556 185 usu·
571 132 630 183 cn.
644 138 668 181 s:
746 141 794 186 sor

121 261 240 316 eolboeri:
248 263 333 320 socios
349 263 452 317 navales,
462 264 515 309 dato
532 272 607 315 annuo·
625 263 741 326 stipendio,
759 266 793 313 di-

124 329 190 382 mitti,
207 334 237 381 et,
255 328 359 381 cumbis,
376 342 454 374 omnes
464 328 537 389 qu'rin
549 329 646 375 consulis
656 331 792 391 v'erbejurs·
832 374 836 387 ,

122 400 214 444 versut·
228 399 251 438 et
261 392 325 452 quod
332 392 426 446 militum
437 390 557 453 Corcyrae,
560 392 680 447 Brundisii,
690 394 792 445 adere

123 458 243 518 Superum,
261 458 340 504 autin
354 472 410 518 agro
426 456 527 514 manati
544 465 610 511 esset,
629 460 742 521 (omnibus
756 460 791 507 bis

120 522 179 569 loeis
189 522 308 582 dispositus
318 522 429 568 exereibm
439 521 532 576 fuerat·
536 538 587 568 cum
599 537 650 582 quo,
664 524 682 568 si
693 540 728 571 res
739 540 792 586 pos·

123 584 237 640 oeretC.
251 585 353 632 Licinius
367 581 471 647 collegs'e
475 586 544 633 ferret
561 584 641 649 opem)
653 588 694 633 hos
701 597 791 641 om'nes

63 699 67 707 ,
122 652 210 702 milites
215 650 296 697 dimitti
307 652 396 713 placuit.
432 651 570 719 Supplrestro
579 669 620 714 pro
631 668 790 715 concionepo·

122 716 170 778 puli
183 706 267 762 indicta
277 723 318 770 est,
331 731 360 762 ex
370 723 422 763 ente
432 716 491 762 diem
502 717 603 778 quintum
612 717 661 764 idus
672 717 790 775 Octobres,-

123 780 476 842 ιιιιιιοᾱίιίιιιιιιιιιιιιιᾱίιι.
551 822 553 827 ,
580 814 581 817 ¹
637 814 640 817 -

156 844 205 900 ΙΙΙ.
224 844 265 891 Ex'
274 844 366 924 Illyrico
377 846 421 892 duo
432 845 508 907 legati,
527 844 555 894 C.
567 845 668 893 Licinius
679 846 757 895 Nerva
767 855 791 895 et

122 908 151 964 P.
163 900 258 962 Decius,
271 907 407 972 nuntiirunt,
419 911 542 956 exereitum
553 910 681 971 Illyriorum
690 927 787 960 caesum:

124 974 234 1021 Gentium
245 989 325 1035 regem
332 982 429 1035 eapmm,
442 975 467 1020 in
478 976 561 1021 ditione
570 978 646 1037 populi
656 976 763 1025 Romani
762 985 789 1024 et
820 1003 825 1014 ·

123 1037 240 1099 Illyricum
251 1053 321 1084 esse.
334 1038 371 1085 Ob
381 1054 419 1085 ees
429 1055 472 1092 res,
478 1047 560 1115 'gestas
571 1041 638 1086 ductu
649 1042 790 1102 auspicioque

123 1100 153 1149 L.
165 1102 239 1150 Anicii
249 1104 359 1164 prretoris,
377 1111 466 1150 senatus
477 1120 501 1149 ιιι
511 1105 608 1150 triduum
619 1106 789 1167 supplicationes

122 1168 227 1230 decrevit,
246 1166 284 1230 [ut
299 1166 399 1231 Iatinae]
414 1168 494 1215 edictae
509 1184 522 1215 ι
534 1170 625 1215 consule
640 1177 692 1215 sunt
703 1170 726 1215 in
737 1179 789 1219 ante

121 1239 224 1311 ςιιιιιιι
235 1240 259 1279 et
269 1232 359 1279 tertium
370 1240 397 1279 et
403 1233 473 1294 pridie
489 1234 538 1280 idus
549 1233 696 1281 Novembres.
731 1234 790 1281 Tra-

121 1296 197 1347 didere
205 1298 301 1358 quidam,
310 1299 396 1359 legstos
407 1297 516 1352 Rhodios,
529 1299 628 1345 nondum
639 1299 726 1353 missos,
738 1307 790 1361 post

121 1364 238 1418 victorium
253 1362 385 1415 nuntiatam,
402 1364 465 1409 velut
479 1363 506 1409 ad
520 1364 638 1409 ludibrium
654 1364 742 1411 stolidae
752 1380 789 1411 su-

122 1427 229 1491 perbiae,
223 1441 247 1471 ιιι
258 1434 358 1473 senatum
367 1434 459 1473 vomtos
466 1443 529 1474 esse:
542 1429 571 1474 ibi
581 1428 719 1489 Agesipolim
729 1429 789 1490 prin-

121 1475 789 1617 tffiiffnssttlstllttttlttltl

122 1624 189 1679 dam3
200 1620 260 1682 quod
269 1621 293 1667 id
302 1622 384 1667 bellum
394 1636 464 1682 grave
472 1628 538 1682 etque
545 1622 711 1669 incommodum
721 1622 789 1669 Grae-

82 1706 87 1714 ·
121 1690 164 1737 ciae
181 1686 249 1739 omni,
267 1692 406 1731 sumtuosum
421 1701 448 1732 ιι
465 1686 617 1733 damnosum
610 1688 664 1748 ipsis
678 1686 788 1734 Romanis

121 1759 188 1801 esset·
208 1750 331 1811 Fortunam
341 1752 437 1811 perbene
447 1749 533 1805 fecisse,
546 1752 639 1811 quando
652 1751 715 1797 finito
726 1752 789 1799 aliter

119 1818 186 1870 bello,
207 1804 333 1877 gratulandi
352 1815 391 1860 sibi
411 1814 558 1867 devictoris
569 1814 659 1878 egregii
678 1815 788 1863 Romanis

114 1874 310 1951 opportrmilntem
320 1878 449 1926 dedisset:n
468 1881 516 1926 haec
527 1880 652 1927 sthodio
664 1880 734 1928 dicta:
752 1896 787 1927 re-

119 1960 249 2011 sponsum.
246 1946 274 1989 ab
293 1944 371 1990 'senatu
387 1952 469 1999 esse,⁴
472 1944 592 1991 ‘Rhodios
608 1960 650 1991 nec
661 1945 787 1993 utilitatium

121 2012 228 2063 Graeciae,
237 2000 321 2075 neque
324 2006 391 2054 ouri
385 2023 533 2071 rmpenssrurn
545 2010 620 2086 populi
630 2009 735 2064 Romani,
748 2010 787 2057 sed

120 2092 161 2139 pro
179 2066 274 2141 Perseo,
288 2073 423 2135 legationem
442 2090 491 2121 eam
511 2074 604 2120 misisse.
639 2073 707 2127 Nam,
719 2074 788 2124 sies

120 2135 270 2205 fuissetcu'ra,
285 2154 339 2201 quse
350 2139 497 2191 simularetur,
512 2146 559 2185 turn
571 2138 691 2185 mittendos
701 2139 787 2200 legatos

119 2192 203 2271 ζώει,
214 2218 265 2249 cum
277 2200 401 2256 Perseus,'
395 2218 419 2248 in
429 2203 568 2259 Thessaliam
579 2204 677 2250 exercitu
688 2203 786 2258 inducto,

119 2286 191 2335 per
170 2261 283 2337 biennium
295 2268 389 2315 Graecas
399 2270 471 2327 urbes,
490 2268 542 2315 elias
553 2268 674 2321 obsideret,
685 2268 745 2317 elias
748 2268 788 2315 de-

120 2325 269 2395 nuntiatione
269 2325 381 2395 drmorum
393 2339 506 2379 terreret.
527 2332 587 2379 Tum
596 2333 678 2379 nullam
690 2334 749 2393 pacis
760 2334 787 2379 ab

118 2392 216 2467 Rhodiis
226 2390 367 2459 mentionem
371 2396 460 2456 factam.
480 2395 607 2457 ,Postquam
619 2405 733 2459 superatos
744 2398 788 2445 sel-

39 2483 42 2487 ’
119 2456 157 2513 lus
165 2445 367 2529 transgressosque
381 2462 404 2507 in
419 2462 577 2509 Macedoniam
593 2462 710 2515 Romanos
725 2463 787 2509 sudi-

118 2537 175 2596 rent,
194 2534 216 2572 et
226 2526 336 2573 inclusum
348 2527 418 2572 tenen
429 2525 519 2580 Ριιιιι,
538 2534 591 2572 tunc
606 2526 709 2573 Rhodios
723 2526 787 2589 legs·

117 2578 206 2665 tioner'ii
212 2587 311 2662 misisse,
329 2606 375 2637 non
391 2592 419 2637 ad
435 2591 502 2638 ullam
520 2590 584 2639 allam
601 2607 654 2647 rem,
673 2606 739 2653 quam
756 2591 785 2639 ad

290 2679 296 2690 Ι
303 2681 308 2694 ι
