1892 2909
164 119 213 164 996
282 116 415 165 T.L1V11
431 116 485 165 Lm.
499 114 597 165 xum.
617 116 676 167 Car.
689 124 713 165 3.

164 252 201 292 ter
211 244 315 307 regulm
328 252 353 293 et
367 247 455 309 legatos
466 244 664 325 Carthaginienses
677 240 834 309 disceptaturi.

166 309 228 362 Quae
237 310 297 356 ultro
304 311 406 372 citroque
410 314 496 374 jactate
504 314 555 365 sint,
568 312 621 373 quid
631 328 644 359 a
653 320 730 359 senatu
741 326 837 375 respou-

165 389 216 420 sum
226 373 337 429 irretitur
348 378 433 423 incerto
448 384 490 423 est.
527 378 620 431 Quievit
630 384 705 424 tamen
720 378 783 423 velut
797 392 836 423 so·

165 438 213 499 pita
223 440 272 486 base
283 443 434 489 controuefsia
449 458 489 503 per
504 442 587 503 aliquot
602 456 680 489 annos.
715 442 837 489 Renoma

165 512 245 564 postes
254 506 278 551 in
289 522 340 553 acre
355 508 437 553 bellum
452 508 541 560 exarsit,
560 506 626 567 quod,
644 508 750 553 adversus
761 506 836 552 Mssi-

166 569 251 616 nissam
261 586 275 616 a
284 571 362 619 Poenis
373 580 508 633 susceptum,
520 586 571 617 cum
583 572 693 619 Romanis
710 570 835 633 gerendum

167 633 217 688 fuit
230 651 271 682 nec
281 638 324 682 nisi
337 634 480 699 Carthaginis
490 637 581 683 interitu
595 636 682 683 linitum
700 643 742 682 est.
778 634 847 684 Hoo‘

166 714 227 745 anno
237 702 363 756 invenimus
373 702 397 745 in
408 702 529 755 annalibus,
547 716 641 763 puerum
651 701 736 747 factum
748 714 778 747 ex
789 701 836 745 vir-

167 764 222 825 gine
232 767 273 811 sub
283 767 416 826 parentibus,
426 768 537 828 jussuque
553 767 679 828 aruspicum
694 767 835 827 deportatum

167 829 191 873 in
202 830 423 876 lumilamdesertam.
432 830 459 895 ⁸]

201 890 228 955 [⁸
246 893 332 940 Habitu
341 903 395 941 sunt
404 911 419 942 a
430 894 459 943 C.
471 893 552 944 Cassio
566 896 658 942 consule
673 894 769 948 comitia,
785 895 836 955 qui-

166 958 209 1002 bus
225 959 293 1003 creati
308 960 411 1007 consules
422 968 476 1006 sunt
487 962 516 1006 A.
528 960 642 1007 Hostilius
654 960 783 1012 Mancinus,
800 960 832 1005 A.

167 1021 252 1068 Atilius
263 1024 379 1071 Serranus.
404 1024 517 1071 Praetores
528 1024 639 1072 indefecti
650 1024 686 1071 Μ.
698 1024 786 1077 Betim,
800 1024 833 1079 Q.

165 1084 275 1143 Maenius,
288 1088 317 1134 L.
329 1089 473 1143 Hortensius,
491 1090 523 1143 Q.
535 1088 611 1136 AElius
620 1088 706 1142 Paetus,
721 1088 750 1133 Τ.
764 1088 836 1135 Man·

166 1150 210 1197 lius
227 1152 363 1214 Torqustus,
383 1153 411 1201 C.
426 1154 548 1200 Hostilius.
583 1153 690 1201 Decretse
707 1153 836 1199 consulibus

167 1218 290 1277 provinciae
307 1218 373 1265 ltalia
393 1227 416 1265 et
431 1218 572 1266 Macedonia.
604 1218 668 1265 Italia
679 1218 757 1272 Atilio,
770 1216 836 1264 Hos·

168 1280 217 1327 tilio
228 1281 363 1330 Macedonia
376 1285 473 1330 obvenit.
499 1284 620 1337 Praetores,
633 1283 714 1329 Retius
729 1284 836 1329 urbanam

163 1346 349 1427 ¹{iurisdictionem
356 1350 496 1411 peregrinam
506 1349 607 1395 Maemus
613 1348 705 1395 sortitus
711 1355 752 1393 est.
770 1344 836 1395 cns-

168 1410 207 1463 sis,
224 1427 277 1458 cum
294 1413 334 1460 ori
350 1412 461 1460 maritimi
477 1414 581 1467 Graeciae,
600 1412 726 1459 Hortensio
745 1412 833 1474 obtigit.

165 1474 588 1555 Reliqusepraetoriaeproviuoiaefuere
597 1478 746 1539 proculdubio,
757 1492 836 1537 quesn-

168 1541 288 1589 sdurodum
307 1558 366 1589 anno
370 1545 459 1619 priore,
473 1542 590 1605 Hispanis,
601 1542 682 1595 Sicilia,
695 1542 833 1589 sistrum

169 1606 215 1652 Sed
226 1608 326 1669 singulas
333 1608 429 1684 'quinem
445 1616 563 1685 praetores.
565 1608 707 1660 obtinuerint,
720 1606 835 1653 silentibus

167 1678 269 1716 veterum
278 1674 428 1726 monimentis,
440 1681 502 1719 certo
514 1673 564 1719 sciri
572 1687 618 1718 non
628 1678 709 1734 potest.
740 1670 835 1718 Interim

167 1731 196 1779 P.
205 1733 513 1797 Licinius,quasiadbellum,
524 1752 628 1785 noricum
636 1736 726 1790 Perseo,
737 1737 835 1782 sedcurn

169 1799 266 1853 Graeeis,
278 1802 401 1878 gerendum
412 1804 494 1851 missus
505 1810 571 1856 esset,
584 1804 661 1848 inanes
673 1798 796 1847 adversm
786 1814 837 1877 Jus-

166 1870 216 1909 tum
227 1864 331 1910 hostem'
325 1880 369 1913 iras
379 1868 402 1912 io
413 1868 507 1914 miseros
520 1875 544 1913 et
554 1867 654 1914 viribus
647 1880 743 1927 impares
752 1866 836 1923 vertit3

167 1928 337 1990 compluresque
346 1932 370 1976 in
377 1931 474 1985 Boeotii,
485 1934 521 1979 ubi
529 1932 662 1984 hibernabat,
675 1931 740 1976 urbes
748 1944 836 1992 expug-

168 1995 237 2048 navit
249 2002 273 2041 et
281 1996 398 2042 crudeliter
408 1996 504 2058 diripuit·
541 1996 647 2045 Coronaei
655 1995 752 2041 maxime
760 1995 836 2041 vexati

168 2074 220 2106 eum
231 2061 259 2106 ad
269 2067 371 2107 senatum
380 2062 541 2123 contigissent,
555 2062 634 2109 Patres
644 2061 798 2112 decreverunt,
811 2065 837 2106 ut

168 2124 258 2186 captivi,
270 2126 307 2185 qui
319 2127 360 2171 sub
370 2126 454 2172 cor-oui
464 2124 586 2181 venissent,
601 2127 625 2171 in
635 2126 758 2171 libertatem
770 2124 837 2171 resti·

168 2196 292 2236 tuerentur.
318 2188 425 2238 Consulis
435 2192 589 2237 crudelitatem
599 2198 622 2237 et
633 2190 747 2237 arentiam
761 2189 837 2235 imita·

168 2260 206 2298 tus
220 2260 262 2306 est,
278 2263 317 2301 aut
332 2257 399 2302 etiam
416 2256 535 2317 superavit,
553 2255 672 2303 Lucretius
688 2260 779 2316 prsetor,
798 2254 836 2314 qui

169 2318 234 2364 classi
242 2327 343 2378 praeerat,
353 2322 459 2367 adversus
468 2322 541 2367 socios
548 2320 619 2373 ferox,
626 2319 835 2381 hostispemendus·

170 2382 289 2440 Siquidem
301 2384 394 2430 classem
410 2386 439 2430 ad
447 2386 533 2432 Oreum
543 2392 638 2431 stantem
646 2385 737 2431 adortus
745 2389 838 2445 repente

169 2443 273 2498 Perseus,
286 2461 355 2495 naves
365 2451 478 2497 numerius
488 2449 626 2496 frumentum
634 2455 748 2510 portantes
755 2447 838 2509 viginti

168 2509 234 2569 oepit,
246 2510 343 2569 reliquas
353 2514 467 2575 depressit,
486 2521 509 2563 et
523 2519 618 2583 quatuor
629 2514 695 2559 etiarn
704 2512 838 2573 quinquere-

168 2573 241 2619 mibus
255 2576 343 2653 potitus
355 2585 397 2623 est.
433 2578 482 2625 Res
499 2594 529 2639 qu
560 2594 589 2625 ue
604 2592 711 2641 prospere
726 2584 799 2639 gestae
813 2577 838 2623 in

169 2589 288 2686 Thracis
276 2654 291 2687 a
299 2639 390 2696 Perseo,
402 2657 454 2691 eum
464 2658 493 2691 eo
502 2594 619 2705 ιᾱοὲοῐγιι
627 2640 838 2692 Μιιιάιιιάιιιιιιᾰ
