1892 2909
168 155 219 200 sss
285 147 315 196 n
330 143 419 196 mvn
435 143 490 193 ns
504 140 584 193 xnv.
603 133 663 194 css
677 144 717 191 st.

166 279 255 334 arrexit,
274 285 297 324 et
314 277 413 326 levatum
432 285 533 323 annuum
549 273 654 336 vectigal
688 269 845 334 Regionmffl
870 269 874 274 ’

166 343 306 394 commerciis
323 342 453 403 interruptis
472 341 505 388 itu
520 340 590 388 videri
603 340 706 392 lacerata,
722 343 844 398 tunquam·

166 409 270 460 animalia
291 410 315 455 in
332 415 401 462 artus.
420 407 514 453 alterum
534 405 624 452 alterius
640 403 774 465 indigentes,
793 402 843 450 ‹lis-

167 483 252 523 tracta:
271 474 335 527 adeo,
347 480 431 534 quanta
445 471 581 518 Macedonia
597 476 664 522 esset,
678 483 745 530 quam
756 467 842 516 divisui

167 541 247 594 facilia,
259 546 282 586 et
300 536 326 602 [a
342 553 367 584 se
382 534 430 598 ipati
445 550 542 596 qumque
555 532 680 598 contemta]
698 549 750 595 pars
769 540 840 588 esset,
938 550 939 559 ¹

169 605 309 653 Macedones
317 617 406 664 quoque
413 602 554 664 ignorabant.
590 599 647 646 Pars
657 598 729 660 prima
739 597 842 645 Bisaltas
938 634 939 657 3

169 672 242 724 habet,
251 668 385 715 fortissimos
396 667 464 719 viros,
478 667 552 729 (trans
564 663 664 711 Nessum
675 677 765 709 amnem
775 663 844 710 inco-
938 688 939 721 1

169 736 220 782 lunt
234 742 259 795 et
274 734 333 779 circa
344 728 502 792 Strymonem)
510 739 533 776 et
543 729 626 798 multas
635 727 728 790 frugum
738 728 843 790 proprie·
938 742 939 783 j

171 807 236 852 tates,
249 808 272 845 et
284 797 381 850 metalla,
394 803 417 842 et
427 795 617 857 opportunitatem
625 793 776 855 Amphipolis,
788 805 845 853 quse
938 812 939 857 p

171 866 258 927 objecta
272 861 354 908 claudit
365 876 444 907 omnes
457 862 485 908 ab
496 861 582 906 oriente
590 859 637 905 sole
647 860 671 904 in
679 858 842 905 Macedoniarn

65 975 67 984 ,
171 930 251 976 aditus.
288 927 391 975 Secunda
402 941 454 988 pars
468 925 704 975 celeberrimasurbes,
717 922 845 970 'rhemmo-¹
938 954 939 957 ,

172 994 238 1054 nicea
246 999 270 1039 et
281 989 446 1044 Cassandriam,
464 991 531 1036 habet
537 1007 545 1048 ;
562 990 591 1036 ed
600 990 644 1035 lroc
652 987 768 1041 Pallenen,
778 987 844 1035 ferti-

171 1059 217 1106 lem
228 1073 254 1105 ac
263 1056 394 1120 frugiferam
406 1063 501 1102 terram:
521 1055 642 1101 maritimas
657 1068 749 1114 quoque
760 1068 846 1115 oppor-

173 1124 280 1171 tunitates
295 1123 315 1169 ei
329 1122 429 1184 praebent
444 1127 523 1182 portus
537 1119 566 1166 ad
576 1118 684 1165 Toronen
699 1133 726 1165 sc
740 1126 845 1166 montem

173 1188 237 1236 Atho
249 1187 344 1253 (AEneae
352 1193 433 1234 vocant
441 1183 520 1245 hunc),
533 1185 570 1231 alii
579 1183 710 1230 adinnrlam
719 1182 843 1239 Euhenum
938 1176 939 1181 ¹

172 1255 209 1300 alii
220 1254 249 1302 ad
259 1252 435 1314 Hellespontum
450 1257 575 1312 opportune
590 1249 655 1295 versi.
689 1247 768 1294 Tertia
779 1250 846 1311 regio

174 1319 259 1365 nobiles
270 1318 342 1370 urbes,
355 1316 465 1362 Edessam
476 1322 500 1361 et
511 1315 617 1361 Beroeam
630 1319 655 1359 et
663 1311 757 1366 Pellam,
767 1314 845 1369 haber,

174 1391 198 1431 et
206 1383 335 1430 Vettiorum
343 1381 470 1428 bellicosam
481 1387 573 1442 gentem
581 1397 587 1425 ε
602 1378 687 1424 incolas
695 1393 785 1439 quoque
792 1394 847 1441 per.
855 1407 857 1411 ·

175 1449 260 1496 munitos
271 1447 351 1494 Gallos
362 1453 385 1492 et
394 1444 491 1506 Illyrios,
508 1445 615 1506 impigros
626 1444 731 1490 cultores.
768 1443 848 1498 Quas.

174 1523 221 1562 tem
233 1513 349 1575 regionem
361 1510 453 1556 Eordaei
463 1517 487 1556 et
498 1508 620 1571 Lyncestae
628 1516 652 1554 et
664 1506 792 1571 Pelagones
808 1509 847 1556 in-

176 1580 268 1626 colunt:
284 1577 365 1639 junctu
374 1574 542 1628 hisAtintanie,
558 1581 582 1620 et
597 1573 742 1634 Stymphalis,
758 1581 782 1620 et
794 1573 847 1622 Eli-

176 1643 260 1691 miotis.
296 1640 388 1702 Frigida
396 1641 445 1686 haee
456 1641 537 1693 omnis,
549 1638 648 1700 duraque
658 1637 726 1691 cultu,
736 1643 760 1684 et
767 1653 849 1702 arpen

175 1709 243 1770 plaga
253 1711 299 1752 est:
320 1706 432 1751 cultomm
443 1720 532 1765 quoque
539 1704 630 1766 ingenia
639 1711 706 1750 terne
717 1703 797 1750 similia
804 1705 848 1753 hn-
937 1744 938 1763 p

175 1775 226 1820 bet:
245 1770 366 1817 ferociores
383 1785 422 1816 eos
436 1777 460 1816 et
476 1770 559 1816 accolae
570 1768 655 1815 barbari
666 1767 767 1826 faciunt3
784 1783 849 1818 nunc

176 1837 236 1885 bello
247 1841 384 1888 exercentes,
399 1849 459 1880 nuno
474 1835 498 1881 in
511 1849 566 1896 pace
575 1834 695 1881 miscentes
708 1834 764 1880 ritus
781 1849 845 1883 suos.
937 1862 938 1869 κ

177 1902 268 1950 Divisae
284 1900 359 1960 itaque
370 1899 513 1946 Macedoniae
525 1900 621 1962 partium
638 1899 714 1946 uultus
730 1901 847 1961 repentis,
937 1914 938 1935 i

177 1964 284 2032 [quanta]
298 1965 414 2012 universos
430 1964 661 2018 teneetMacedonss,
674 1962 770 2011 formula
780 1964 849 2021 dicta,
937 1980 938 1983 ¹

177 2047 229 2080 cunr
238 2033 300 2094 leges
311 2045 401 2091 quoque
409 2045 434 2077 se
444 2031 547 2076 daturum
558 2030 699 2076 osteardisaet.

211 2094 311 2144 xxxi
330 2095 403 2142 ntor
421 2095 502 2142 neure
515 2095 590 2141 som
611 2095 636 2140 in
654 2091 699 2155 qus
717 2093 854 2158 cognitione·
937 2086 938 2089 ’

178 2163 259 2225 magis,
276 2167 326 2208 utra
340 2175 391 2223 pars
401 2159 520 2213 Romanis,
531 2166 582 2206 utra
592 2159 640 2222 regi
652 2158 751 2213 favisset,
765 2162 851 2220 qussi-

178 2235 227 2275 tum
239 2233 281 2280 est,
292 2239 360 2286 quam
369 2227 412 2272 utri
419 2225 526 2273 iecissent
533 2225 643 2288 injuriam,
655 2230 694 2270 aut
701 2225 847 2287 accepissent.

179 2290 251 2340 Nori
260 2291 346 2338 liberati
357 2290 525 2338 interfectores:
543 2290 647 2337 exailum
658 2289 727 2351 pulsis
738 2305 802 2352 teque
812 2305 850 2339 ra-

179 2364 229 2404 tum
239 2355 290 2409 fuit,
309 2369 335 2402 ac
349 2369 411 2403 mora
428 2355 558 2402 interfectis.
588 2354 618 2402 A.
633 2353 726 2401 Baebina
740 2369 800 2402 unus
814 2365 851 2407 est

179 2420 304 2474 damnatus,
318 2420 379 2480 quod
393 2421 474 2468 milites
485 2419 603 2467 Romnos
613 2420 745 2484 praebuiaset
762 2419 790 2468 ad
805 2423 850 2470 mi-
937 2422 938 2431 ¹

179 2485 296 2532 misterium
307 2484 383 2532 caetlis.
419 2483 467 2532 Hic
478 2493 573 2532 eventus
583 2483 714 2532 AEtolorum
727 2499 810 2540 causae,
824 2489 852 2537 in

179 2549 284 2595 omnibus
293 2547 391 2596 Graeciae
399 2552 504 2612 gentibus
511 2551 649 2613 populisque,
657 2563 743 2603 eorum,
753 2550 791 2612 qni
799 2565 853 2614 par.

179 2613 210 2659 tis
220 2611 383 2668 Romanorum
390 2614 488 2670 fuerant,
503 2614 592 2663 inflavit
601 2615 630 2662 td
639 2614 800 2662 intolerabilem
811 2631 851 2666 ω-

180 2676 279 2739 pcrbiam
290 2676 393 2738 animos3
410 2686 434 2728 et
444 2680 555 2731 obnoxios
563 2680 743 2745 psffimseornn
750 2679 852 2746 tument,
