1892 2909
239 93 273 144 Τὶ
283 92 375 144 ΙΛΠῙΙΙΔ
388 91 539 144 nn'xnv.
558 93 619 145 Car.
633 97 673 144 26.
745 100 794 143 88³
819 145 823 148 .

121 222 219 281 Gentio,
234 225 293 274 sicut
302 233 355 274 ante
365 225 449 274 dictum
460 233 502 280 est,
517 226 542 271 in
552 212 686 287 potestatem
697 224 795 279 redacto,

122 290 226 344 Scodrae,
243 305 296 352 quae
310 290 463 354 regiafueret,
480 291 585 352 praesidio
596 291 707 352 imposito,
724 290 796 338 Gabi·

122 354 189 400 nium
200 355 316 416 praelecit3
333 355 435 403 Rhizoni
445 363 469 402 et
479 355 576 408 Olcinio,
589 357 678 402 urbibus
689 362 796 416 oppertus

121 419 168 474 nis,
180 417 208 468 C·
218 419 338 467 Licinium.
358 419 490 482 Praepositis
498 421 532 481 his
541 419 639 480 Illyrico,
650 435 701 466 cum
710 420 795 478 reliquo

121 484 259 531 exercituin
271 485 365 566 Epirum
377 492 411 532 est
422 485 547 547 profectus:
565 486 602 530 uhi
612 485 683 546 prima
692 484 771 530 Phano

120 549 143 595 ei
156 549 236 602 dedita,
253 557 301 597 tota
315 550 457 597 multitudine
468 565 520 596 cnm
530 548 606 596 infulis
617 550 704 596 obviam
715 547 793 595 effusa.

122 611 175 660 Hic
184 614 289 676 praesidio
299 615 410 677 imposito,
426 615 451 660 in
466 614 616 664 Molossidem
626 621 794 676 transgressum

120 680 187 742 cajus
195 680 297 726 omnibus
305 679 399 742 oppidis,
409 687 490 740 praeter
499 677 654 733 Passaronem,
664 685 688 725 et
694 677 794 725 Tecmo·

119 757 183 798 nan,
196 752 219 792 et
230 742 352 806 Phylacen,
366 751 390 791 et
401 744 525 797 Horreum,
541 745 642 806 receptis,
657 743 754 805 primum
765 742 794 792 sd

119 806 272 886 Passaronem
288 809 356 856 ducit.
375 809 497 885 ‘Antinous
507 816 530 855 et
540 808 672 855 Theodotus
682 807 794 884 principes

119 879 367 994 {ltilihffll
374 872 794 1000 llllthtlhtitlichil

122 1001 232 1047 sciscendi
244 1003 270 1048 ah
279 1001 396 1048 Romanis.
416 1001 458 1056 Hi,
467 1001 603 1049 conscientiis
613 1003 705 1064 privatae
716 1017 791 1056 noxae,

122 1065 189 1129 (quia
198 1065 252 1127 ipsis
267 1065 328 1113 hulla
342 1081 393 1128 spes
407 1067 480 1113 veniae
495 1065 553 1127 erut)
565 1074 594 1113 ut
605 1067 717 1112 communi
729 1065 793 1114 ruini

120 1131 201 1193 putriae
217 1131 400 1194 opprimerentur,
421 1132 548 1178 clauserunt
565 1138 648 1193 portas,
668 1131 793 1177 multitudi-

121 1209 183 1249 nem,
207 1203 232 1242 ut
250 1204 346 1244 mortem
365 1196 467 1242 servituti
485 1203 647 1259 praeponerent,
667 1196 789 1242 hortantes.

120 1259 200 1308 Nemo
216 1261 322 1309 adversus
341 1268 491 1322 praepotentes
509 1262 571 1307 viros
586 1261 671 1307 hiscere
688 1260 789 1308 audebat.

100 1363 102 1367 .
120 1323 225 1372 Tandem
233 1325 364 1372 Tbeodctus
372 1325 468 1386 quidam,
481 1326 560 1372 nobilia
568 1333 591 1372 et
598 1325 646 1387 ipse
653 1325 790 1380 adolescens,
825 1360 827 1371 .

121 1403 175 1436 cum
186 1391 283 1454 majora
298 1389 408 1437 Romanis
423 1398 497 1436 metus
512 1391 615 1436 timorem
630 1405 644 1436 a
657 1391 792 1452 principibus

122 1453 170 1500 suis
181 1455 277 1508 vicisset,
292 1462 307 1484 ‘⁴
316 1454 376 1509 Quae
386 1471 428 1502 vos
439 1451 535 1508 'rabies’'
546 1455 631 1516 inquit,
639 1462 655 1484 ⁴⁴
663 1455 741 1516 agitat,
753 1455 791 1515 qui

114 1518 217 1568 ‚duorum
228 1519 343 1566 hominum
355 1534 422 1566 noxsc
433 1520 529 1566 ciuitatis
539 1520 689 1566 accessionem
701 1518 791 1565 facitis?

121 1581 234 1644 Equidem
244 1599 285 1646 pro
296 1582 366 1646 patriai
374 1585 411 1646 qui
418 1585 489 1632 letum
497 1585 641 1646 oppetisseut,
654 1599 715 1646 saepe
722 1583 790 1630 lando

120 1648 208 1694 audivi:
228 1650 265 1710 qui
279 1650 373 1712 patriam
387 1665 429 1711 pro
444 1665 469 1696 se
480 1650 553 1710 perire
564 1664 654 1710 aequum
664 1657 789 1704 censerent,

120 1712 144 1758 hi
154 1712 219 1773 primi
229 1713 315 1761 inventi
326 1722 385 1760 sum⁴
405 1714 468 1768 Quin
476 1715 587 1775 aperimus
594 1722 676 1776 portas,
689 1722 713 1761 et
720 1715 791 1775 impe-

120 1791 317 1890 difflui
325 1778 458 1889 lilith
467 1779 792 1903 &willirih

119 1905 252 1954 Theodotus
263 1910 286 1954 in
296 1908 391 1970 primam
407 1908 525 1954 stationem
540 1908 638 1954 hostium
652 1908 788 1970 irruperunt,
861 1921 865 1927 “

119 1978 185 2032 etque
192 1973 229 2026 ibi,
241 1972 359 2020 offerentes
368 1988 392 2019 se
400 1973 441 2034 ipsi
451 1972 586 2025 vulneribus,
598 1972 720 2019 interiectiz
737 1975 790 2020 urhs

120 2036 356 2085 deditaestRomanis.
375 2035 790 2099 Similipertinaciicephaliprincipia

118 2101 217 2148 ‘clausum
228 2102 374 2157 Tecmonem,
392 2103 441 2164 ipso
456 2101 580 2154 interiecto,
598 2117 638 2163 per
652 2101 788 2148 deditionem

119 2167 207 2227 recepit.
227 2165 278 2213 Nec
291 2167 396 2226 Phylace,
410 2181 451 2212 nec
461 2165 585 2217 Horreum,
597 2161 788 2228 oppugnationem

119 2229 223 2276 tulerunt.
250 2230 332 2278 Paesti
343 2231 421 2292 Epiro,
440 2231 561 2292 divisisque
575 2231 599 2276 in
614 2232 705 2277 hiberna
719 2233 789 2293 copiis

118 2309 157 2356 per
174 2303 309 2356 opportunas
329 2296 400 2349 urbes,
421 2311 538 2357 regressus
556 2296 604 2357 ipse
622 2296 645 2340 in
663 2295 787 2357 illyricum,

120 2357 216 2414 Scodrae,
232 2376 278 2421 quo
289 2360 385 2421 quinque
396 2360 464 2421 legati
475 2361 502 2406 ab
512 2358 589 2406 Romi
600 2369 716 2414 venerant,
732 2377 788 2408 evo-

118 2424 171 2470 catis
182 2439 211 2472 ex
222 2425 270 2472 tots
279 2422 543 2486 provincii'principibus,
556 2433 693 2471 conventum
701 2426 784 2472 hahuit.

118 2485 151 2534 Ibi
166 2505 208 2550 pro
224 2491 327 2539 tribtmnli
343 2489 540 2551 pronuntiavit·de
556 2489 667 2536 sententiis
683 2490 784 2536 consilii:

119 2560 133 2584 ‘⁶
142 2553 249 2602 sentum
263 2555 415 2617 populumque
428 2553 559 2600 Romanum
570 2552 662 2615 Illyrios
672 2571 722 2602 esse
732 2556 787 2601 lihe-

113 2633 150 2674 ros
160 2619 252 2686 jubere:
271 2619 375 2684 presidia
384 2631 414 2668 ex
424 2618 528 2669 omnibus
543 2619 636 2683 oppidis,
653 2621 746 2675 archus,
760 2627 787 2666 ‘et
