1892 2909
165 136 213 183 2⁷6
277 131 308 179 Τ.
321 126 409 177 LIVII
426 126 479 175 Ln-
494 124 588 174 XLIV.
608 122 667 173 css.
682 124 721 172 2⁷.

166 276 252 314 norom,
269 259 330 321 quod
338 258 364 305 in
377 256 478 320 singulos
488 255 573 319 pedites
585 254 717 315 equitesque
731 252 843 305 divides-⁴

167 330 220 375 dum
241 332 307 379 esset,
325 338 401 371 secum
415 321 560 369 adduxisset?
578 318 637 368 Cum
648 318 713 367 adid
728 323 784 369 nihii
799 338 839 370 re-
941 348 942 353 =

167 391 319 454 sponderetur,
338 387 467 441 Clondicus,
486 387 576 449 regulus
595 400 679 438 eorum,
699 390 715 415 ‘⁶
726 388 779 441 Abi,
799 401 839 435 re-

167 457 245 503 nuntia
258 453 339 516 ergo‚”
356 454 434 513 inquit,
453 459 470 481 ‘⁸
481 452 536 513 regi,
553 451 595 497 nisi
610 464 688 501 aurum
703 452 839 513 obsidesque

167 521 312 583 mepissent,
329 533 438 578 nusquam
453 517 505 563 inde
517 516 597 563 Gallos
608 516 699 577 longius
712 518 839 579 vestiqum

167 583 295 633 moturos.”
329 582 389 629 Haec
409 582 477 628 relatu
493 582 541 643 regi
556 594 608 627 cum
623 586 705 634 essent,
726 580 840 629 advocato

170 650 270 702 oonsilio,
287 664 347 701 cum,
365 646 417 708 quid
427 660 506 692 omnes
517 646 603 692 suasuri
612 651 695 698 essent,
713 654 838 708 appareret,

170 716 224 795 u
241 711 693 787 eeu
708 711 840 823 sures

166 777 275 907 fflae
282 841 379 888 cladium
389 848 513 900 expertum,
525 840 672 901 periculosum
684 854 740 893 esse,
751 848 840 887 mutam

171 906 335 954 mrtltitudinem
350 906 373 951 in
385 904 662 965 Macedoniam-occipere,
681 920 709 951 ne
723 906 840 965 graviores

171 986 212 1017 eos
222 971 295 1017 socios
304 969 406 1024 habesnt,
417 984 485 1029 quom
493 971 569 1015 hostes
577 969 701 1017 Romanos.
731 970 843 1030 Quoque

171 1036 241 1083 milia
254 1036 354 1095 equitum
368 1042 403 1080 sut
413 1048 471 1087 ease,
489 1034 602 1094 qulbuset
613 1034 645 1079 uti
656 1034 776 1081 adbellum
786 1048 844 1097 pos-
943 1028 944 1031 ¹

171 1107 230 1153 sent,
247 1106 271 1146 et
280 1114 376 1159 qnorum
386 1098 550 1145 multitudinem
561 1098 603 1159 ipsi
614 1112 659 1145 non
670 1096 791 1145 timeant.”

184 1187 189 1193 ·
206 1163 318 1211 XXVII.
331 1164 458 1226 Apparebat
469 1161 516 1226 [in]
525 1163 634 1216 omnibus,
645 1164 771 1210 mercedem
781 1166 843 1213 mud-

110 1221 116 1232 '
174 1228 275 1277 titudinis
285 1230 371 1282 timere,
388 1228 561 1287 necquidquam
571 1227 643 1274 aliud:
663 1220 709 1282 sed,
727 1242 778 1274 oum
789 1244 844 1277 sus-

175 1296 227 1341 dere
240 1294 365 1340 consulenti
379 1307 447 1339 nerno
457 1292 554 1345 auderet,
572 1292 692 1339 remittitur
705 1292 841 1355 Ant'gonus,

175 1360 213 1420 qni
223 1359 341 1411 nuntiaret,
358 1357 456 1419 quinque
465 1357 559 1403 millium
570 1357 669 1417 equitum
680 1356 748 1419 operi
755 1364 843 1407 uotum

176 1424 209 1470 uti
224 1438 314 1486 regem:
333 1429 476 1468 contemnere
491 1420 654 1469 multitudinem
666 1422 738 1468 sliam.
775 1423 845 1477 Quod
944 1434 945 1437 ’

176 1489 214 1535 nbi
223 1485 328 1535 audivere
337 1486 429 1539 barbari,
440 1492 574 1533 ceterorum
584 1487 673 1547 quidem
682 1484 785 1534 fremitus
792 1488 843 1543 luit,

175 1552 339 1615 indignantium
355 1566 380 1598 se
394 1550 478 1597 frustra
491 1551 577 1597 excitos
592 1551 679 1598 sedibus
693 1553 752 1598 suis:
772 1551 845 1601 clon-

176 1618 239 1665 dieua
249 1632 326 1663 rursus
335 1617 466 1677 interroget,
478 1615 557 1676 ecquid
567 1616 574 1661 i
601 1616 620 1662 't
630 1616 728 1677 quinque
738 1617 842 1673 nullibus,

176 1682 236 1741 quod
247 1681 394 1734 convertisset,
406 1680 551 1727 numeraret?
605 1696 629 1727 m
639 1681 746 1728 adversus
756 1681 779 1727 id
787 1692 844 1744 quo-

176 1758 222 1805 que
231 1745 319 1791 misceri
329 1746 433 1806 ambages
443 1752 551 1799 cerneret,
565 1746 672 1793 inviolato
681 1744 755 1793 fultor
764 1748 844 1795 nuntio

187 1808 250 1870 quod
258 1809 298 1855 rix
309 1814 435 1869 spemverm
444 1810 493 1869 ipse
502 1824 569 1871 posse
579 1808 729 1873 contingere),
745 1817 805 1859 retro
815 1812 845 1860 ad

286 1873 424 1935 perpopulati
437 1872 563 1929 Iitreeisrn,
581 1873 626 1934 qud
639 1875 713 1922 vicina
730 1883 777 1922 eret
790 1877 842 1932 vie,

176 1939 296 1985 redierum.
332 1937 393 1991 Qua
402 1950 490 1991 munus,
501 1939 577 1999 quieto
584 1940 676 1987 sedente
684 1954 738 2002 rege
748 1940 776 1987 nd
787 1940 845 1988 lini-

177 2016 252 2065 peum,
263 2003 370 2050 adversus
377 2002 495 2049 Romanos
503 2000 638 2050 Perrhaebiae
646 2004 726 2051 ssltum
737 2004 761 2049 in
771 2003 845 2053 ‘lires-

177 2064 255 2116 snbmn
265 2067 373 2121 traducta,
390 2082 436 2113 non
446 2082 514 2127 egros
527 2073 615 2115 tentum
626 2069 710 2115 nudare
718 2069 846 2131 populando

178 2134 258 2194 potuit,
275 2146 306 2179 ne
320 2146 377 2192 quos
392 2132 444 2178 iude
460 2130 559 2179 Romani
577 2140 715 2180 commestus
729 2141 846 2197 exspeca-

179 2205 236 2250 rent,
249 2197 288 2244 md
297 2198 357 2258 ipsos
365 2196 496 2243 exscindere
506 2198 579 2251 urbes,
591 2204 683 2244 tenente
693 2198 721 2245 ad
732 2197 844 2261 Enipeum

180 2259 265 2308 Perseo
272 2261 397 2314 Romanos,
414 2273 444 2307 ne
454 2259 544 2307 urbibus
554 2262 620 2308 sociis
631 2261 733 2323 opitulari
744 2270 841 2325 possmt.

181 2322 240 2385 Ipsis
258 2339 347 2385 qnoque
364 2324 475 2372 Romania
493 2326 521 2371 de
540 2340 565 2373 se
585 2326 730 2388 cogitandum
750 2327 842 2377 fuisset:

180 2389 269 2446 quanm
279 2403 352 2450 neque
361 2404 459 2443 manere,
476 2388 558 2437 emissi
571 2388 694 2445 neunt,
712 2392 773 2438 unde
782 2404 846 2439 exer.

180 2451 238 2498 citus
256 2453 361 2507 elebatur,
378 2454 511 2515 potuiment,
529 2468 602 2515 neque
619 2456 731 2517 progredi,
749 2470 800 2503 num
817 2468 846 2504 ex

179 2514 273 2563 adverso
287 2525 359 2565 castra
369 2516 523 2565 Mmedonum
531 2522 590 2565 *⁸⁰2
610 2521 648 2580 qui
663 2517 690 2566 ei
700 2520 848 2583 pependerunt

180 2580 310 2695 w
327 2582 469 2629 mediocriter
488 2582 616 2631 debilitavit.
651 2580 739 2631 Eidem
757 2584 847 2633 onnus

308 2657 385 2708 men
403 2645 444 2695 nbi
462 2646 580 2699 siensvtts
599 2658 659 2703 nunt,
677 2658 729 2697 cun
748 2654 848 2698 treomts
