1892 2909
142 81 194 127 an
264 73 295 122 r.
308 67 398 120 mvn
414 70 468 120 ns
482 69 564 120 xnv.
584 53 644 120 cri.
655 46 722 118 εί

180 201 306 252 XXXIV.
318 200 396 248 naun
402 202 482 263 procul
489 202 541 248 inde
549 202 704 252 Aristoma
712 199 833 249 oberant:

149 271 178 318 ad
188 284 255 330 quem
265 267 336 314 literis
352 267 433 320 missis,
453 281 482 314 ne
498 267 553 327 qnid
570 268 599 313 ad
612 282 646 318 ea,
664 281 716 326 quae
731 264 837 320 fierent,

149 340 292 389 moveretur3
307 340 323 362 ‘⁶
335 339 438 378 senatum
446 333 544 394 praedam
553 332 619 394 Epiri
626 331 761 385 civitatium,
775 347 840 390 quae

151 401 180 448 sd
194 398 278 446 Persea
295 397 434 450 defecissent,
454 398 561 444 exercitui
578 394 689 450 dedisse‚”
707 396 839 442 submissis

151 463 318 513 centurionibus
333 463 357 507 in
374 462 474 525 singulas
491 463 563 515 urbes,
581 462 618 522 qui
635 477 659 507 se
678 459 784 506 dicerent
804 461 841 507 ad

152 529 256 593 praesidia
270 527 398 574 deducenda
413 527 509 581 venisse,
527 534 553 573 ut
569 527 631 572 bberi
643 525 753 587 Epirotae,
770 526 840 572 sicut

153 595 300 645 Macedones,
313 599 395 645 essent,
407 592 478 638 denos
487 592 598 653 principes
613 606 643 637 ex
660 590 755 653 singulis
773 607 838 637 evo-

152 660 212 707 cavit
222 657 361 706 civitatibus:
380 658 522 717 quibuscum
536 655 696 709 denuntidsset,
709 663 735 701 ut
744 670 836 702 aurum

153 733 221 785 atque
231 729 349 784 argentum
365 721 388 767 in
404 723 517 783 publicum
531 721 675 783 proferretur,
690 736 732 782 per
747 736 839 768 omnes

154 790 257 836 civitates
268 788 371 833 cohortes
382 786 479 833 dimisit:
498 794 551 833 ante
561 787 584 832 in
593 786 716 839 ulteriores,
727 801 800 846 quam
809 788 836 833 in

154 855 277 916 propiores,
289 851 390 912 proiecti,
403 858 428 897 ut
439 865 485 899 uno
496 852 532 898 die
540 852 565 897 in
575 867 655 898 omnes
662 851 832 912 perveniretur.

156 917 225 966 Edita
233 917 326 963 tribunis
333 917 544 977 centurionibusque
550 925 621 969 erant,
631 931 683 976 quae
691 924 831 978 agerentur:

156 997 223 1032 mnne
232 996 299 1028 omne
305 996 383 1028 aurum
392 989 557 1043 argentumque
564 983 683 1029 collatum:
697 979 753 1027 hort
760 997 835 1041 quar-
933 984 934 1007 ³

155 1046 181 1094 td
191 1047 281 1110 signum
290 1047 326 1092 'ad
341 1046 473 1108 diripiendas
490 1048 555 1093 urbes
569 1047 646 1094 datum
658 1053 693 1093 est
703 1046 832 1095 militibus:

157 1120 262 1174 tantaque
275 1111 352 1172 praeda
363 1111 412 1164 tuit,
431 1118 456 1158 ut
473 1111 497 1157 in
511 1112 610 1173 equitem
626 1111 774 1173 quadringeni
791 1112 835 1160 de-

158 1179 220 1232 narii,
230 1177 338 1240 peditibus
347 1177 426 1222 duceni
437 1176 601 1234 dividerentur;
610 1186 710 1224 ,eentum
718 1177 834 1238 quinqua-

157 1245 222 1307 ginta
232 1243 301 1288 miliia
311 1242 407 1304 capitum
416 1242 564 1288 bumanorum
573 1243 741 1289 abducerentur.
764 1241 834 1290 Muri

158 1308 238 1356 deinde
246 1307 380 1368 direptarum
391 1307 478 1353 urbium
489 1306 556 1353 diruti
564 1315 629 1355 sunt:
645 1304 835 1369 minereoppidn

78 1432 82 1438 Ι
158 1375 218 1420 ciros
237 1372 385 1434 septuaginta.
420 1369 520 1418 vendite
537 1371 614 1433 pmdd
630 1373 738 1425 omnium,
757 1373 786 1418 de
804 1373 835 1422 εἰ

102 1433 106 1452 “
158 1436 246 1486 summit
257 1437 321 1483 militi
332 1443 472 1483 numeratum
489 1443 530 1482 est
566 1436 651 1483 Paulus
664 1438 692 1484 ad
702 1448 765 1483 mare
775 1437 833 1484 Ori-

158 1519 211 1550 cum
230 1502 350 1554 descendit,
371 1499 517 1561 nequiquam,
537 1509 562 1548 ut
578 1509 640 1548 ratus
658 1510 713 1556 erat,
733 1503 833 1564 expletis

158 1568 254 1616 militum
266 1567 358 1612 animis:
378 1567 423 1627 qui,
436 1574 549 1627 tamqnam
564 1568 650 1614 nullum
661 1568 685 1613 in
693 1567 832 1616 Macedonia
933 1622 934 1627 ¹

159 1633 282 1696 gessissent
293 1631 383 1684 bellum,
396 1638 499 1693 expertes
509 1632 579 1694 regiae
589 1633 673 1694 praedae
690 1647 740 1679 esse
747 1632 831 1694 'indig-

160 1699 276 1744 nabantur·
311 1695 374 1743 Orici
391 1708 443 1742 oum
459 1697 539 1743 missas
554 1713 605 1744 eum
622 1697 726 1758 Scipione
745 1697 832 1746 Nasici

161 1761 310 1820 Maximoque
325 1760 372 1806 filio
387 1761 462 1823 copias
472 1761 602 1816 invenisset,
614 1763 748 1809 exercituin
759 1777 829 1810 nares

159 1826 272 1888 imposito,
291 1825 315 1871 in
331 1824 419 1872 ltaliam
434 1827 527 1889 trajecit.
563 1827 597 1874 Et
612 1834 664 1889 post
681 1842 765 1890 paucos
781 1828 830 1876 dies

160 1891 263 1944 Anicius,
282 1899 396 1937 conventu
413 1891 548 1952 reliquorum
565 1892 710 1954 Epirotarum
727 1891 830 1940 Acarna-

161 1971 260 2018 numque
274 1963 331 2008 acto,
346 1957 460 2018 jussisque
474 1958 498 2002 in
510 1955 597 2004 Italiam
614 1958 675 2018 sequi
686 1957 827 2020 principibus,

161 2037 257 2084 quorum
269 2021 421 2083 cognitionem
431 2037 506 2070 causae
517 2020 647 2075 reservimt,
663 2031 686 2068 et
697 2024 750 2085 ipse,
767 2023 830 2069 navi·
874 2054 883 2060 -

161 2089 203 2135 bus
217 2087 358 2149 exspectatis,
377 2087 456 2147 quibus
471 2103 525 2133 usus
539 2087 702 2134 Macedonicus
720 2089 830 2135 exercitus

160 2160 215 2205 erat,
234 2153 257 2198 in
274 2149 363 2198 Italiam
380 2151 474 2212 trajecit.
510 2150 571 2201 Cum
589 2153 639 2199 brec
655 2154 679 2199 in
694 2151 828 2201 Macedonia

161 2217 278 2279 Epiroque
288 2224 353 2278 gesta
361 2224 420 2268 sunt,
431 2217 509 2278 legati,
521 2217 618 2278 quicum
627 2217 706 2265 Attalo
714 2219 741 2264 ad
751 2217 830 2264 nuten-

95 2285 99 2298 ⁴
160 2283 215 2329 dum
231 2281 313 2327 bellum
328 2281 387 2328 inter
398 2281 480 2329 Gallos
495 2289 519 2328 et
535 2297 612 2344 regern
625 2282 752 2330 Eumenem
766 2284 830 2339 missi

160 2353 232 2398 erant,
244 2345 268 2390 in
280 2346 358 2391 Asiam
371 2354 528 2407 pervenerunt.
564 2345 664 2408 Induciis
679 2360 719 2408 per
735 2347 828 2393 hiemem

160 2409 233 2461 factis,
246 2416 268 2454 et
280 2409 341 2456 Galli
350 2410 429 2456 domos
439 2411 544 2464 abierant,
557 2419 581 2458 et
591 2412 664 2458 resin
675 2412 765 2457 hiberna
776 2426 828 2457 oon-

159 2479 258 2519 cesserat
276 2470 421 2533 Pergamum,
445 2476 554 2536 gravique
571 2477 650 2522 morbo
669 2491 731 2537 aeger
748 2475 824 2523 fuerat.

162 2535 211 2582 Ver
221 2536 317 2596 primum
328 2551 357 2582 ex
368 2537 436 2584 domo
447 2540 545 2586 excivit:
558 2543 653 2602 jamque
663 2539 770 2601 Synnada
778 2554 826 2601 per·

160 2605 276 2653 venerant,
286 2613 337 2646 cum
347 2599 462 2650 Eumenes
471 2604 499 2651 od
510 2605 592 2653 Sardes
601 2605 699 2666 undique
707 2605 825 2652 exercitum
