1892 2909
231 120 262 171 T0
275 122 364 172 LIVII
380 123 435 173 Lu.
448 124 546 175 XLIII.
566 126 627 177 Car.
643 132 685 175 12:
749 131 796 177 2³⁷

124 250 315 301 mnsam
330 252 586 305 lnmuMseeumis
621 255 676 305 Hoc
690 256 797 307 ortuoia·

123 316 255 363 terealatum
272 326 320 366 est:
339 321 406 367 tertio
422 320 459 367 die
471 331 525 383 post
537 321 674 371 Termioalla
689 320 797 373 Calendoe

123 380 264 430 intercalares
273 380 344 431 luere.
363 385 496 435 Sscerdotes
505 387 566 433 intra
575 402 627 435 eum
638 402 721 435 annum
733 403 794 435 mor-

124 445 166 497 tui,
178 444 208 491 L·
220 445 360 496 Flamininus
372 452 385 479 ·
396 450 536 512 ·p0ntifiees
545 451 590 499 duo
600 452 749 505 decesserunt,
761 450 791 497 L
879 485 882 492 .

125 508 209 557 FurIus
228 510 307 561 Philus
326 521 349 561 et
368 512 397 562 C·
420 514 500 563 Livius
520 516 638 565 Saliustor.
673 515 702 563 In
719 516 795 563 locum

123 573 187 621 Furii
197 574 227 623 T.
240 571 354 625 Manlium
365 578 514 641 Torquatum,
526 581 549 627 in
558 579 619 629 Livii
627 580 664 629 M.
676 580 795 629 Servilitrm

122 639 239 702 pontifices
247 642 359 705 legerunt.
516 653 519 659 '

156 699 218 752 XII.
244 706 357 770 Principio
375 708 514 771 inmuentis
535 711 595 765 soni,
618 724 670 759 eum
692 711 796 759 connsses

124 768 186 823 aori
204 769 237 825 Q.
247 771 350 820 MarcIus
364 781 388 821 et
403 773 446 824 Co.
458 776 574 830 Servilius,
591 776 620 824 de
629 775 749 839 provinciis
759 791 796 823 re-

124 834 235 889 tulissent,
252 839 325 898 primo
340 854 429 901 quoque
442 846 544 903 tempme
559 849 598 889 aut
612 856 740 903 comparare
755 856 796 887 eos

123 898 184 945 inter
198 915 223 946 se
234 898 323 949 Italiam
337 911 361 949 et
372 903 537 959 Macedoniam,
555 912 594 953 sut
608 907 682 953 sortiri
696 906 792 968 placuitr

122 963 254 1025 priusquam
275 966 298 1012 id
317 982 366 1014 sors
384 977 492 1024 cerneret,
513 971 538 1016 in
556 971 673 1025 incertum,
694 970 796 1031 nequid

123 1029 198 1089 grstia
207 1031 315 1077 momenti
322 1030 411 1087 laceret,
420 1035 445 1079 in
453 1042 569 1095 utramque
576 1036 721 1097 prouiuciam,
733 1035 795 1096 quod

122 1108 159 1139 res
170 1092 303 1142 desideraret
313 1096 468 1159 supplementi,
482 1099 583 1147 decernis
600 1101 623 1146 ln
634 1099 794 1147 Macedoniam

166 1157 222 1205 ‘tum
241 1159 397 1209 Romanorum
416 1178 457 1211 sex
476 1165 550 1219 millia,
568 1165 680 1211 sociorum
699 1164 796 1211 nonunis

169 1223 174 1235 '
192 1223 199 1269 i
216 1238 258 1272 sex
270 1226 354 1285 nilum
371 1228 456 1289 equites
470 1228 589 1276 Romanos
604 1229 712 1275 ducentos
727 1229 794 1289 quin·
883 1246 885 1250 ·

121 1289 236 1350 quaginta,
254 1291 327 1338 socios
345 1299 472 1340 trecentos:
496 1301 584 1341 veteres
602 1294 685 1341 milites
703 1292 793 1347 nimian

121 1352 154 1399 its
172 1360 197 1399 ut
215 1354 239 1400 in
257 1356 357 1418 singulas
373 1356 490 1405 Romanas
507 1359 609 1421 legiones
626 1358 723 1420 neptus
740 1372 794 1405 sena

121 1416 191 1464 millia
204 1419 311 1479 peditum,
328 1423 411 1470 treceni
426 1424 513 1484 equites
530 1430 612 1471 essent.
647 1422 721 1469 Alteri
738 1436 794 1469 con·

121 1482 164 1529 suli
173 1482 248 1531 nullus
256 1492 330 1531 certus
339 1484 415 1535 finitus
423 1503 530 1535 numerus
538 1488 620 1535 civium
628 1486 793 1541 Rornanorum,

121 1562 189 1606 qu·
199 1548 223 1593 in
235 1549 413 1611 supplementum
425 1552 525 1614 legeret:
543 1554 566 1599 id
577 1552 644 1600 modo
655 1551 751 1605 finitum,
768 1558 795 1599 ut

120 1610 177 1659 duas
186 1613 287 1675 legiones
298 1615 409 1670 scriberet,
426 1633 478 1678 quse
492 1618 561 1677 quius
574 1618 643 1665 millia
657 1617 756 1679 peditum
771 1623 795 1665 et

120 1676 220 1723 ducenos
230 1678 343 1734 haberent,
357 1682 442 1742 equites
452 1689 563 1729 trecenos.
599 1681 732 1729 latinorum
743 1696 792 1729 ms·

114 1742 161 1805 jor,
179 1757 245 1803 quarn
259 1743 360 1806 collegae,
378 1746 481 1793 decretus
496 1762 616 1794 numerusr
635 1746 735 1809 peditum
752 1747 792 1795 de·

118 1822 168 1853 cem
187 1808 256 1855 millia
273 1815 297 1855 et
315 1811 415 1857 sexcenti
432 1812 525 1871 equites.
561 1811 666 1866 Quatuor
683 1818 792 1875 preterea

117 1870 219 1934 legiones
233 1873 297 1919 scribi
310 1875 390 1936 jussae,
407 1891 465 1936 quae,
484 1876 565 1937 siquo
580 1892 637 1939 opus
651 1884 717 1931 esset,
735 1877 792 1924 edu·

117 1945 227 1984 oerentur.
263 1936 376 1985 Tribunos
386 1940 428 1995 bis,
441 1956 487 1986 non
497 1942 638 2002 pennissum‚
651 1948 676 1991 ut
687 1941 791 1988 consules

116 1999 229 2049 lucerent:
242 2003 339 2065 populus
347 2005 438 2051 cressit.
464 2006 536 2053 Sociis
547 2006 643 2052 nominis
655 2004 733 2055 Latini
740 2019 792 2051 sex-

117 2066 189 2113 ‹Iecim
201 2067 270 2113 millis
279 2068 386 2129 peditum,
397 2076 420 2115 et
427 2069 488 2116 mille
496 2070 583 2131 equites
590 2069 699 2131 imperati.
719 2068 791 2117 Hune

116 2132 240 2177 exercitum
250 2132 322 2193 parari
333 2139 421 2179 tentum
431 2135 522 2196 placuit,
540 2142 565 2181 ut
576 2135 654 2188 exiret,
669 2133 743 2194 siquo
755 2148 791 2182 reo

116 2202 227 2257 posceret
261 2195 397 2244 Macedoniis
406 2199 505 2245 maxime
516 2214 592 2247 curam
605 2199 725 2261 praebebat.
760 2196 790 2245 In

116 2260 211 2307 classem
226 2260 287 2306 mille
298 2262 352 2308 socii
363 2264 452 2309 navales
463 2263 524 2309 cives
535 2262 634 2310 Romani
645 2262 740 2309 libertini
752 2278 790 2309 or-

117 2324 182 2378 dinis,
200 2338 229 2370 ex
240 2322 306 2371 Italiri
318 2328 331 2355 ⁸
346 2327 358 2355 *
372 2328 437 2373 scribi
443 2329 516 2389 jussi;
535 2326 626 2374 totidem
638 2335 664 2374 ut
675 2342 704 2373 ex
712 2326 790 2375 Sicilli

117 2389 279 2437 scriberentur:
297 2398 328 2444 et,
345 2392 382 2437 cui
396 2407 423 2438 ea
436 2392 553 2453 provincia
562 2393 680 2446 evenisset,
698 2392 791 2441 mende-

116 2460 173 2508 oum,
191 2460 216 2501 ut
226 2468 267 2501 eos
276 2454 300 2500 iu
311 2454 478 2510 Macedoniam,
491 2456 623 2518 ubicumque
634 2456 710 2504 classIs
721 2464 789 2511 esset,

116 2517 265 2581 deportmos
279 2527 375 2566 cureret.
411 2519 792 2583 InHispanismtrinmilIiapedi·

116 2590 165 2631 tum
180 2582 337 2632 Romanorum
351 2586 376 2631 io
390 2586 578 2648 supplementum,
596 2586 690 2633 trecenti
704 2586 791 2646 equites

116 2646 205 2701 decreti·
241 2647 331 2698 linitus
346 2650 376 2697 ibi
391 2666 481 2713 quoque
496 2652 519 2699 ln
529 2652 631 2713 legiones
641 2651 737 2699 militum
748 2664 791 2697 au-
