1892 2909
236 114 368 166 T.L1v11
386 116 438 164 Lis.
452 116 532 165 XLV.
552 115 613 166 Csr.
629 121 667 166 19.
738 123 786 167 ssa
861 178 865 186 .

119 255 166 296 um
184 247 212 296 ad
229 248 340 295 licentium
356 247 497 309 pestilentem
513 248 617 293 traheret·
647 244 676 293 In
692 254 787 308 quatuor

119 312 224 374 regiones
234 313 327 360 describi
338 313 502 364 Macedoniam,
515 319 540 358 ut
551 326 616 358 suurn
627 327 722 373 quaeque
732 328 787 360 con·

116 377 192 424 dium
199 377 314 432 baberei,¹'
325 377 408 439 placuit
414 394 421 433 ς
433 384 448 406 “
455 383 478 423 et
483 376 596 422 dimidium
604 377 685 430 tributi,
695 375 786 442 [quam]

118 443 180 502 quod
190 444 280 506 regibus
290 441 347 488 ferre
359 442 417 488 soliti
430 448 500 495 erant,
516 440 597 502 populo
612 441 718 488 Romano
731 457 789 503 pen·

119 505 198 552 dere.”
225 507 311 554 Similis
324 507 359 552 his
374 506 432 554 etin
444 505 560 566 Illyricum
570 505 686 552 mundate:
706 514 788 557 caetera

119 570 173 632 ipsis
183 571 352 634 imperatoribus
362 571 487 634 legatisque
498 570 582 623 relicto,
597 570 621 615 in
634 570 715 629 quibus
728 586 788 631 prro-

119 647 172 682 sens
183 637 285 683 tractatio
295 650 369 682 rerum
380 636 474 682 certiora
485 635 609 696 subjectum
619 641 667 680 erst
675 636 776 682 consilis

153 699 226 746 xlx.
245 700 310 747 luter
320 700 402 748 multas
413 714 492 762 regum
501 699 648 760 gentiumque
658 705 681 745 et
693 700 787 760 populo

120 777 171 810 rum
181 765 313 827 legetiones,
325 765 426 818 Attalus,
437 763 506 810 frater
516 764 576 824 tegis
586 763 705 818 Eumenis,
716 764 788 810 mam-

120 843 158 874 rne
172 830 283 876 convertit
297 830 321 875 in
336 844 361 874 se
375 829 474 874 omnium
492 829 568 874 oculos
583 828 726 888 animosque:
747 843 790 874 ex-

120 901 199 954 ceptus
208 894 267 940 enim
275 900 310 940 est
318 894 345 938 eb
353 893 394 946 his,
405 893 444 953 qui
456 892 522 937 droul
530 907 557 944 eo
564 891 622 938 bello
630 892 789 946 mffltsrerunt,

120 957 181 1003 boud
190 958 256 1019 psulo
266 956 391 1018 benignius,
405 971 472 1016 quam
485 956 503 1002 si
513 956 561 1017 ipse
571 971 611 1002 rex
621 955 737 1003 Eumenes
747 973 788 1004 se·

122 1021 199 1068 nisset.
218 1021 365 1067 Adduxereut
376 1035 427 1066 eum
435 1021 487 1066 dune
494 1019 518 1064 in
525 1020 621 1081 speciem
628 1021 730 1068 bonestae
738 1036 785 1068 res:

122 1099 174 1139 uns,
188 1085 315 1148 minotio,
331 1085 466 1130 conveniens
476 1084 501 1130 in
511 1081 538 1130 ei
547 1081 648 1136 victorii,
663 1099 730 1144 quam
741 1087 789 1146 ipse

122 1149 254 1213 adjuvisset:
272 1147 347 1202 utem,
359 1148 498 1208 quedmonis
509 1148 590 1195 Gallici
598 1148 714 1201 tumultus,
726 1146 789 1209 [Ad-
841 1189 844 1195 .

120 1222 236 1276 certeque
245 1212 336 1278 gladiis]
352 1227 446 1275 regnum
456 1213 481 1258 in
491 1212 581 1258 dobimn
596 1212 715 1258 eddanum
730 1227 787 1260 esse

122 1279 218 1328 Suberat
233 1286 256 1325 et
270 1285 355 1325 secreta
371 1291 421 1339 spes
437 1278 547 1323 bonorum
563 1276 749 1337 praemiorumque
762 1279 790 1324 ab

122 1351 208 1398 senum
224 1355 276 1403 quae
288 1343 334 1396 vix,
351 1341 413 1388 solvis
421 1342 504 1402 pietate
514 1343 569 1404 ejus,
585 1341 715 1402 contingere
725 1349 790 1402 pote-

122 1415 186 1455 rent:
209 1415 271 1454 erant
287 1408 346 1454 enim
363 1405 451 1467 quidem
467 1405 623 1454 Romanorum
639 1420 728 1466 quoque
743 1421 790 1452 son

123 1472 176 1518 boni
193 1479 305 1525 suctores,
327 1471 365 1531 qui
384 1485 423 1532 spe
442 1471 584 1532 cupiditatem
602 1471 651 1532 ejus
669 1470 787 1516 elicerent:

124 1545 141 1570 ‘⁴
149 1535 209 1584 Eam
220 1537 347 1598 opinionem
358 1535 386 1582 (le
396 1535 476 1582 Attalo
486 1542 510 1581 et
519 1533 625 1582 Eumene
635 1533 717 1580 Romae
731 1549 789 1588 esse,
804 1588 806 1591 v

108 1615 109 1620 ¹
122 1609 236 1662 tamquam
251 1601 279 1646 oe
292 1601 363 1648 altero
376 1598 487 1646 Romanis
499 1605 562 1646 certo
572 1599 650 1651 stoico,
667 1599 737 1645 altero
745 1613 790 1645 uec

123 1665 235 1713 liomsnis
252 1679 294 1712 nec
313 1662 378 1710 Persi
395 1663 441 1710 fido
460 1664 529 1710 socio.
563 1662 642 1723 Itaque
660 1663 699 1709 rix
723 1664 790 1710 statui

122 1743 197 1792 posse,
214 1737 297 1782 utrum,
316 1741 367 1789 quoe
382 1742 423 1789 pro
438 1743 474 1782 se,.
487 1743 523 1781 sn,
540 1742 592 1787 quse
607 1734 685 1778 contra
697 1726 790 1774 fratrem

123 1796 234 1857 petiuirus
243 1800 310 1846 esset,
328 1794 355 1839 sb
370 1799 449 1840 senatu
461 1792 534 1854 magis
547 1792 691 1853 impetrabilia
700 1790 788 1838 forent:

123 1859 180 1907 {deo
191 1860 307 1906 universos
317 1857 393 1904 omnia
403 1864 426 1903 et
436 1855 488 1902 huic
498 1857 599 1909 tribucre,
612 1862 636 1902 et
645 1857 677 1901 illi
686 1871 741 1903 vero
752 1871 792 1902 ue-

123 1923 206 1987 gnre.”
219 1923 311 1970 ¹Eorum
321 1923 438 1968 hominurn
449 1923 487 1983 (ui
495 1935 531 1966 res
539 1917 625 1979 docuit)
635 1920 728 1967 Attalus
735 1928 790 1974 erat,

124 1991 172 2050 qui,
188 1995 297 2050 quantum
313 1999 365 2048 spes
380 1985 541 2048 spopondisset,
558 1991 671 2045 cuperent,
689 1985 713 2030 ni
727 1985 793 2032 unius

124 2053 190 2099 smici
200 2051 298 2114 prudens
308 2051 402 2097 monitio
414 2050 477 2096 velut
490 2048 567 2095 frenos
581 2049 656 2094 enimn
669 2050 725 2110 ejus,
740 2063 794 2110 ges.

125 2118 189 2163 tienti
203 2116 306 2164 secundis
321 2117 394 2168 rebus,
411 2112 560 2175 imposuisset.
590 2112 687 2159 Stratius
700 2128 752 2160 ciun
766 2129 794 2160 es

124 2180 169 2227 ruit
179 2180 285 2234 modicus,
302 2180 330 2226 ad
341 2180 363 2225 id
374 2179 447 2240 ipsum
458 2194 472 2226 a
482 2193 528 2224 non
539 2191 619 2224 securo
629 2176 733 2224 Eumene
743 2177 795 2224 Ro·

126 2260 187 2292 mem
199 2245 286 2298 missus,
302 2244 427 2306 speculator
440 2257 522 2296 rerum,
538 2241 691 2304 quaeniretre
783 2267 803 2283 .,

124 2317 172 2364 tur,
187 2309 329 2370 moriturque
338 2307 403 2362 fidus,
421 2307 439 2354 si
450 2308 526 2354 decedi
536 2307 581 2352 fide
593 2306 691 2353 vidisset.
700 2257 796 2361 Ἥᾱ

124 2380 246 2438 occupatas
252 2374 300 2436 jem
312 2387 377 2420 sures
387 2371 573 2433 sollicitatumque
579 2373 627 2433 jem
637 2373 735 2417 monum
743 2385 796 2417 com

125 2439 233 2493 venisset,
256 2451 377 2502 eggressus
398 2438 537 2499 tempestivis
557 2433 726 2498 [temporibuu]
748 2451 796 2482 rein

124 2517 195 2568 prope
208 2504 334 2588 prolapsam
349 2502 453 2558 restitut,
472 2501 544 2548 “aliis
558 2499 602 2546 alis
615 2514 686 2562 regns
699 2499 796 2546 crevisse

124 2568 209 2624 rebua’
230 2565 337 2615 dicendo:
357 2574 372 2596 “
381 2581 477 2628 regnum
487 2580 565 2613 eonem
576 2579 669 2618 nomon,
681 2564 748 2612 nullia
757 2579 798 2611 re·

124 2635 192 2685 ustis
200 2633 319 2688 fissidstum
327 2633 415 2696 opib»,
423 2628 524 2680 imni
530 2627 725 2693 mmmcmlii:
738 2628 799 2690 quud
