1892 2909
216 125 346 175 T.L1vl1
362 127 415 175 Lm.
425 128 484 175 XL.
504 127 564 178 car.
578 132 618 177 85.
722 133 753 176 93

79 260 184 315 pretore
201 262 236 301 est
255 255 376 319 Liguribus
390 258 456 319 jussu
475 257 572 311 senatis,
596 255 755 305 “Orationem

80 334 135 365 eam
146 334 195 366 non
205 334 287 367 novam
299 320 420 383 Liguribus
430 337 493 368 esse:
512 337 576 369 mens
589 338 644 368 vero
658 328 685 367 ut
696 336 757 367 nova

81 390 107 429 et
118 384 216 449 orationi
226 386 362 432 conveniens
372 392 438 439 esset,
451 387 549 447 ipsorum
560 386 583 432 id
593 386 712 448 plurimum
720 400 756 431 re-

80 446 151 494 ferre.
187 449 227 496 Ad
245 451 348 497 consules
363 451 427 507 irent,
448 458 478 503 et,
499 466 550 511 quse
565 452 592 497 ab
608 450 634 495 iis
650 450 757 510 imperate

12 558 13 567 ,
82 520 171 567 essent,
181 512 292 561 facerent:
309 515 364 561 nulli
374 514 418 567 ulii,
430 529 497 573 quam
508 515 642 567 consulibus,
654 522 755 561 senatum

12 590 13 593 ’
84 577 224 624 crediturum
239 594 295 633 esse,
314 577 400 625 sinceri
412 577 455 625 fide
468 580 492 625 in
506 595 560 641 pace
571 579 669 640 Ligures
679 576 755 624 esse.”

12 640 13 643 ’
83 638 137 687 Pax
156 642 181 687 in
201 642 322 705 Liguribus
338 642 388 689 fuit.
424 642 453 688 In
473 642 567 692 Corsici
581 650 706 705 pugnatum
722 648 757 688 est

83 720 138 751 cum
151 704 245 755 Corsis:
264 709 292 754 ad
306 708 350 755 duo
364 708 433 755 millia
447 723 524 755 eorum
535 708 572 755 M.
584 707 687 753 Pinarius
697 722 756 768 prae-

84 776 123 816 tor
137 770 163 817 in
177 772 225 818 acie
236 772 331 830 occidit;
348 770 392 833 qud
402 772 464 819 clade
474 772 583 835 compulsi
593 772 680 819 obsides
690 771 757 817 dede·

82 840 147 889 runt,
163 843 187 882 et
197 850 256 882 cerae
266 844 356 883 centum
369 836 438 883 millia
452 838 534 899 pondo.
570 836 627 884 lnde
640 838 664 882 in
679 836 755 883 Sardi-

83 898 147 945 niam
163 901 276 947 exercitus
290 901 376 956 ductus,
394 908 484 949 etcum
501 901 625 956 Iliensibus,
641 909 711 963 gente
726 916 756 947 ne

83 977 147 1010 nrmc
158 965 248 1025 quidem
254 967 319 1012 omni
329 967 393 1027 pdrte
403 964 487 1027 pacatis,
500 966 596 1015 secundo
602 966 681 1027 proelia
687 964 753 1012 fron.

85 1024 311 1091 Carthaginiensibus
327 1030 405 1077 e'odcm
422 1045 481 1077 anno
497 1037 587 1077 centum
603 1031 689 1076 obsides
705 1030 755 1077 rod-

86 1092 143 1150 diti3
160 1108 282 1154 pacemque
292 1110 343 1141 curn
354 1095 381 1141 iis
391 1096 487 1156 populus
497 1094 621 1148 Romanus,
637 1109 682 1142 non
693 1095 721 1139 ab
731 1110 756 1141 se
829 1104 831 1109 ’

85 1162 185 1211 anum,
203 1158 242 1205 er
252 1160 280 1205 ab
289 1174 343 1221 rege
354 1160 421 1205 ecam
437 1156 565 1211 nannet
581 1158 699 1220 prestun
718 1158 757 1219 qu

12 1278 13 1291 ἦ
86 1227 137 1297 nnn
148 1221 252 1283 praesidio
262 1230 347 1269 armato
358 1226 444 1285 tigrum,
457 1223 529 1284 quiin
539 1220 690 1269 controversii
700 1229 755 1276 erat,

12 1414 15 1457 ι

13 1596 17 1659 l

120 1317 233 1397 xxxii.
252 1350 353 1399 onnam
364 1351 500 1413 provinciam
511 1351 614 1398 somnes
624 1351 754 1397 unumne

87 1412 126 1462 M.
144 1414 244 1469 Btebius,
267 1416 407 1463 comitiorum
428 1414 496 1465 causi
514 1416 613 1462 Romam
631 1421 755 1468 revocatus,

13 1518 15 1527 ,
88 1480 195 1525 consules
208 1479 291 1527 cressit
304 1480 336 1526 A.
348 1480 489 1527 Postumium
504 1480 611 1528 Albinum
622 1477 723 1525 Luscum
734 1485 758 1525 et

14 1530 15 1589 l
85 1541 119 1591 ,0.
131 1542 279 1605 Calpurnium
290 1544 404 1591 Pisonem.
439 1544 553 1591 Praetores
563 1544 643 1590 exinde
652 1543 705 1590 facti
717 1540 755 1588 Τι.

88 1606 236 1669 Sempronius
244 1608 366 1663 Gracchus,
376 1607 406 1655 L.
413 1608 544 1655 Postumius
550 1609 653 1661 Albinus,
664 1607 691 1653 P.
699 1605 758 1655 Cor·
780 1606 783 1611 '

90 1672 163 1719 nelius
173 1672 306 1727 Mammula,
320 1673 357 1719 Tr.
368 1674 485 1719 Minucius
495 1672 634 1726 Molliculus,
650 1672 680 1718 A.
692 1670 757 1719 Hos-

89 1736 151 1783 tilius
162 1736 291 1791 Mancinus,
304 1736 333 1786 C.
344 1738 451 1785 Maenius.
483 1737 592 1784 Iiomnes
602 1738 757 1799 magistratum

90 1800 161 1849 idibus
172 1800 263 1849 Martiis
273 1802 376 1849 inierunt.
407 1801 520 1863 Principio
531 1804 579 1864 ejus
591 1803 650 1857 anni,
667 1818 712 1863 quo
723 1802 754 1849 A„

92 1864 224 1913 Postumius
239 1867 335 1914 Albinus
350 1875 373 1913 et
390 1866 417 1915 C.
433 1865 567 1929 Calpurnius
584 1866 638 1913 Piso
654 1867 758 1913 consules

90 1928 188 1985 inerunt,
206 1932 233 1977 ab
248 1932 279 1977 A.
293 1930 410 1979 Postumio
427 1931 519 1978 consule
533 1932 557 1977 in
572 1940 672 1979 senatum
687 1932 758 1977 intro-

91 1994 159 2049 ducti,
172 1995 209 2056 qui
220 2010 249 2043 ex
261 1994 371 2059 Hispauii
381 1996 483 2043 citeriore
493 2003 600 2043 venerant
610 2012 624 2042 a
635 1994 667 2049 Q.
675 1993 759 2041 Fulvio

91 2058 181 2113 Flacco,
196 2058 226 2106 L.
237 2060 353 2109 Minucius
363 2062 457 2123 legatus,
474 2069 498 2108 et
507 2061 552 2107 duo
562 2059 644 2106 tribuni
654 2059 757 2112 militum,

93 2122 122 2170 Τ.
136 2124 236 2171 Maenius
254 2132 278 2173 ct
296 2124 325 2171 L.
338 2125 458 2173 Terentius
475 2125 608 2172 Massiliota.
644 2122 686 2176 Hi,
706 2137 758 2170 oum

90 2188 137 2236 duo
144 2190 241 2237 secunda
246 2190 332 2251 proeliu,
344 2191 478 2237 deditionem
487 2188 621 2242 Celtiberiae,
634 2186 759 2234 confectam

91 2253 227 2315 provinciam
238 2252 385 2309 nuntidssent,
397 2268 438 2303 nec
450 2254 566 2316 stipendio,
582 2253 643 2313 quod
652 2252 711 2299 mitti
722 2267 760 2298 so-

92 2318 759 2381 lerecnectmmentoponatosdexereituminerm

94 2398 177 2436 annum
186 2399 242 2445 opus
254 2399 310 2437 esse,
327 2385 439 2447 petiensnt
452 2385 481 2431 ab
490 2390 569 2429 senatu
578 2383 682 2443 primmn,
701 2387 717 2411 ⁴⁴
724 2386 759 2434 nt,

93 2450 122 2497 ob
131 2464 167 2497 res
177 2464 281 2511 prospere
288 2456 371 2511 gestas,
377 2448 431 2494 Diis
440 2445 601 2495 immortalibus
611 2448 683 2493 bonos
693 2446 760 2491 habs-

94 2520 165 2561 retur:
187 2514 273 2567 deinde,
290 2520 317 2560 ut
333 2513 365 2567 Q,
376 2512 457 2561 Fulvio
474 2511 589 2558 decedenti
605 2511 633 2557 de
645 2506 761 2572 provincii

96 2578 208 2640 deportare
218 2578 270 2633 inde
280 2579 411 2631 exercitum,
427 2579 491 2639 cuspus
505 2575 557 2621 lorti
570 2572 637 2635 operi
647 2580 670 2619 et
680 2574 728 2635 ipse
738 2577 762 2616 et

96 2643 158 2693 muln
173 2649 226 2691 ante
241 2657 293 2691 eum
308 2649 418 2705 pretores
433 2642 468 2689 usi
485 2646 567 2694 essent,
586 2638 678 2686 liceret:
702 2631 762 2694 quod
