1892 2909
270 94 619 149 T.LIVI1.Ln.xl..css.
634 104 673 147 aa
777 109 806 151 ει
846 157 851 167 ,

138 225 282 290 pmvineidia
301 227 382 274 auxilia
397 227 528 275 instruxisse
546 228 663 277 Romam
681 227 808 287 semelem,

137 307 192 339 cum
202 292 287 353 majore
296 290 376 339 fiducii
386 292 509 339 intulerunt
519 293 590 354 signs.
615 293 668 342 Jam
675 310 745 357 prope
752 303 807 351 erat,

138 364 165 403 ut
181 356 295 403 sinistrum
312 371 382 403 comu
399 357 517 418 pelleretur
536 358 653 411 Romanis,
673 360 697 405 ni
715 360 809 421 septima

137 422 199 483 legio
215 422 371 468 successisset:
397 422 463 468 simul
478 423 506 468 ab
521 423 602 484 oppido
618 422 712 477 AEburi,
729 426 767 485 qui
782 426 807 471 in

137 486 242 549 praesidio
253 486 324 533 relicti
334 494 404 540 erant,
417 486 440 531 iu
450 486 523 533 medio
534 488 612 534 ardore
619 503 703 550 pugnae
711 488 808 536 advene-

137 558 199 604 runt,
216 558 240 597 et
254 551 341 597 Acilius
356 553 383 597 ab
397 557 462 613 tergo
476 560 530 598 erat.
565 551 615 598 Diu
628 553 652 597 in
666 552 740 599 medio
754 554 808 601 caesi

138 614 258 663 Celtiberi:
275 616 314 676 qni
323 624 459 677 supererant,
471 616 496 662 iu
506 631 584 663 omnes
593 618 675 678 passim
686 624 761 678 partes
770 634 808 665 ca-

136 679 323 742 pessuntfugsm.
349 678 450 741 Equites,
459 681 594 741 bipartitoin
602 697 641 728 eos
649 681 731 735 emissi,
743 698 808 744 mag·

136 760 192 791 uam
206 744 291 791 caedem
305 742 399 791 edidire.
435 745 474 792 Ad
486 745 567 807 viginti
577 746 619 793 tria
629 747 697 793 millia
708 745 806 793 bostium

135 824 168 859 eo
177 809 214 856 die
223 824 294 867 cessa3
309 816 373 871 capta
383 817 478 870 quatuor
488 810 557 856 millia
565 817 589 857 et
599 811 741 873 septingenti,
750 823 805 857 cum

135 874 202 935 equis
219 874 271 935 plus
287 874 422 936 quingentis,
445 882 469 921 et
488 875 553 937 signa
570 875 672 923 militaria
690 876 806 937 octoginta

135 946 198 986 octo·
233 938 322 1001 Magna
339 939 438 991 victoria,
458 953 505 985 non
520 947 595 985 tamen
610 940 733 994 incruenta,
751 940 801 987 fuit

135 1001 239 1051 Romani
252 1003 280 1049 de
294 1003 378 1049 duabus
392 1003 516 1065 legionibus
528 1004 612 1062 ¹milites
625 1006 691 1067 paulo
701 1005 752 1066 plus
762 1005 804 1051 du-

135 1068 205 1121 centi,
224 1066 309 1114 socium
322 1066 397 1114 Latini
408 1069 505 1114 nominis
515 1069 637 1129 octingenti
647 1070 745 1131 triginta,
763 1084 804 1115 ex-

135 1140 253 1180 ternorum
264 1132 402 1179 auxiliarium
413 1133 457 1179 duo
465 1132 610 1179 milliuferme
618 1140 640 1179 et
648 1133 804 1194 quadringenti

134 1197 272 1245 ceciderrmt.
305 1196 394 1245 Praetor
403 1197 426 1242 in
437 1204 510 1243 casua
519 1197 626 1243 victorem
636 1198 757 1244 exercitum
768 1213 804 1244 re·

134 1263 209 1310 duxit.
243 1261 330 1309 Acilius
340 1276 430 1308 manere
439 1262 463 1307 in
474 1262 552 1308 eastris
562 1262 589 1309 sb
599 1277 624 1309 se
634 1262 703 1324 captis
708 1262 800 1323 jussus:

134 1334 228 1390 postem
238 1327 274 1373 die
285 1326 354 1388 spolia
366 1327 394 1373 de
408 1326 508 1373 hostibus
521 1326 587 1379 lecta,
603 1333 627 1373 et
639 1343 681 1389 pro
696 1326 803 1373 concione

134 1392 221 1444 donati,
233 1406 327 1451 quomrn
338 1392 408 1437 virtus
418 1390 513 1452 insignis
522 1390 601 1437 fuerat.

171 1454 298 1503 XXXIII.
317 1456 401 1503 sauciis
412 1455 491 1503 deiude
500 1456 524 1500 in
535 1454 639 1516 oppidum
647 1454 756 1501 AEburam
763 1455 803 1501 de-

134 1521 215 1574 vectis,
235 1536 275 1582 per
294 1518 449 1582 Carpetaniam
467 1520 497 1566 ad
515 1518 658 1567 Contrebiam
677 1519 750 1565 ductae
768 1519 802 1565 le-

133 1588 224 1651 giones·
253 1585 290 1633 Ea
300 1586 352 1632 urbs
363 1586 513 1638 circumsessa,
525 1599 577 1631 cum
588 1600 602 1631 a
613 1582 729 1631 Celtiberis
739 1584 802 1629 auxi·

133 1653 166 1700 lia
175 1646 311 1703 arcessisset,
327 1651 463 1696 morantibus
472 1650 507 1702 iis,
523 1649 581 1711 (non
590 1648 643 1708 quia
652 1648 694 1709 ipsi
705 1648 802 1695 cunctati

135 1722 198 1769 sunt,
214 1716 253 1763 sed
267 1716 318 1775 quis
332 1714 443 1775 profectos
457 1714 547 1760 adorno
557 1713 719 1774 inexplicabiles
729 1713 801 1759 eonti-

134 1782 188 1828 nuis
198 1780 303 1826 imbribus
313 1780 356 1827 viae
367 1786 390 1827 et
398 1777 469 1826 inflati
477 1793 554 1825 munes
561 1775 675 1838 tenebant)
686 1778 801 1839 desperato

134 1844 225 1894 aursilim
235 1859 332 1897 suorum,
348 1844 371 1889 in
386 1843 602 1891 deditionemsenit.
637 1841 731 1889 Flaccus
745 1857 801 1903 quo-

135 1926 189 1973 que,
204 1910 371 1971 tempestatibus
384 1908 451 1955 soedis
465 1914 562 1961 coactus,
577 1907 698 1953 exercitum
711 1912 801 1952 ornnem

135 1973 388 2025 inathemintroduxit.
424 1970 537 2026 Celtiberi,
553 1972 592 2033 qui
606 1972 698 2018 adomo
707 1970 802 2032 profecti

135 2045 208 2093 erant,
226 2038 342 2085 deditionis
354 2036 433 2099 ignari,
452 2052 504 2083 cum
518 2036 607 2083 tandem
622 2035 748 2098 (superatis,
764 2034 802 2080 ubi

134 2104 233 2169 priscum
244 2102 376 2149 remiserunt
385 2102 473 2155 imbres,
485 2098 597 2159 amnibus)
610 2098 752 2147 Contrebiam
762 2113 802 2145 ve·

136 2172 230 2221 sissent,
245 2175 363 2229 postquam
373 2174 445 2213 castra
454 2166 516 2213 nulla
525 2172 588 2211 extra
598 2163 686 2212 moenia,
690 2162 801 2217 viderunt,

136 2234 216 2285 sutin
231 2232 322 2279 alteram
338 2238 423 2293 partem
439 2231 545 2278 translata
560 2228 608 2282 rati,
628 2234 667 2275 aut
684 2227 803 2276 recessisse

135 2302 221 2352 hosta,
236 2311 276 2359 per
290 2296 448 2359 negligentiam
463 2293 528 2341 effusi
541 2292 570 2340 ad
583 2281 688 2355 oppidum
702 2307 803 2343 mamse-

134 2372 196 2413 sunt.
224 2360 254 2409 1n
264 2376 303 2409 eos
313 2360 397 2407 duabus
406 2358 477 2422 portis
485 2357 585 2409 Romani
595 2358 733 2419 eruptionem
740 2357 801 2405 iece-

134 2436 196 2483 runt,
212 2433 236 2474 et
248 2426 409 2488 tacompositos
422 2424 493 2471 adorti
505 2422 617 2471 firderunt.
653 2420 714 2486 Quas
726 2438 761 2469 res
772 2419 802 2468 ad

133 2490 282 2543 russicadam
293 2505 332 2537 eos
342 2496 367 2537 et
379 2490 408 2536 sd
418 2487 574 2550 capessendam
583 2501 682 2549 pugnam
692 2486 799 2547 impedit.

133 2558 196 2621 quod
206 2570 252 2603 non
263 2568 309 2602 uno
319 2554 411 2616 sgnrine
418 2568 460 2601 uec
470 2553 500 2599 ad
509 2552 575 2614 signa
584 2550 712 2611 trequentes
724 2549 801 2596 senie-

88 2652 91 2663 .
133 2620 283 2678 mesdeus
294 2613 699 2683 magnaepartiudt'ugamsalutiiuit
725 2610 801 2673 Sparsi
