1892 2909
238 101 270 181 r.
284 101 372 152 mvn
389 103 442 170 na
457 102 538 152 xnv.
557 103 618 154 cn.
632 100 679 153 aa·
744 106 793 154 so

121 233 501 362 titattnt‘ffilldllff
500 235 585 360 iiim
586 250 618 346 ¹1⁰3.
625 241 793 348 tm

120 365 196 418 eundi,
214 380 280 425 quem
291 365 341 418 illia,
353 366 392 426 qui
400 372 452 428 poat
462 380 502 411 eoa
511 366 712 427 triumphaverunt.
739 367 792 419 Nec

120 429 152 478 1..
166 429 263 476 Paulum
280 431 389 477 minorem
405 437 444 476 aut
458 429 567 492 majorem
578 431 735 493 imperatorem
750 433 792 478 tri-

118 495 218 556 umphus
235 494 315 542 facin:
335 495 431 542 militum
449 495 523 556 magia
537 495 561 540 iu
578 495 629 549 hoc,
647 497 793 557 universique

117 560 196 624 populi
207 560 313 614 Romani,
330 559 390 606 sarna
401 559 488 622 agitur:
508 560 605 621 primum
620 574 649 606 ne
663 560 753 607 invidiae
767 569 792 608 et

118 625 203 688 ingrati
219 626 287 672 animi
304 625 410 672 adversus
426 624 572 672 clarissimum
590 640 700 685 quemque
718 627 790 673 civem

119 691 248 754 opinionem
263 691 349 744 habeat,
367 697 390 737 et
404 689 485 735 imitari
499 690 522 734 in
536 689 579 735 hoc
593 691 700 752 populum
716 691 790 738 Athe-

118 755 228 810 iriensem,
244 755 378 802 lacerantem
390 752 474 800 inridirl
484 755 594 816 principes
606 770 666 809 moa,
678 755 787 802 videatur.

119 819 180 869 Satio
196 827 313 884 peccatum
329 820 353 865 in
371 817 468 868 Camillo
485 820 632 882 amajoribua
647 821 728 867 vestris
745 829 788 876 est,

117 899 186 948 quem
197 893 273 932 tamen
284 891 336 931 ante
349 891 460 946 receptam
476 900 516 946 per
530 900 581 930 eum
592 900 606 931 a
617 883 690 932 Gallia
702 885 790 933 Urbem

115 947 245 998 vioirirunt:
265 949 319 996 satia
329 951 419 1011 insuper
430 963 443 996 a
453 949 517 996 vebia
528 949 551 994 in
562 947 590 994 P.
605 949 720 997 Africano.
748 950 790 998 Li·

118 1015 178 1062 terni
196 1013 332 1060 domicilium
347 1021 371 1061 et
385 1013 460 1061 aedem
475 1013 545 1060 fuisse
559 1014 676 1061 domitoris
687 1015 788 1066 Africae!

119 1074 209 1126 Literni
227 1079 353 1140 sepulcrum
371 1077 471 1127 ostendi!
490 1077 663 1133 Erubeacamua,
680 1079 789 1141 gloridai

117 1144 159 1208 par
174 1143 217 1191 illis
235 1144 288 1190 viria
305 1141 334 1190 L.
349 1141 440 1196 Paulus,
458 1141 540 1206 injurii
558 1143 634 1190 veatrrl
649 1153 787 1205 exaequetur.

118 1209 180 1258 Haec
188 1209 258 1272 igitur
268 1208 365 1271 primum
376 1207 467 1255 infamia
477 1207 584 1261 deleatur,
595 1207 656 1256 foeda
666 1210 724 1272 apud
735 1210 789 1257 aliea

115 1283 205 1340 gentes,
218 1273 326 1320 damnosa
336 1273 395 1336 apud
406 1281 503 1321 nostroe.
535 1272 593 1327 Quis
604 1274 664 1320 enirn
675 1282 714 1321 aut
725 1274 789 1322 Airi-

117 1340 168 1386 cani
183 1345 223 1384 aut
234 1335 299 1384 Pauli
310 1339 388 1384 similis
399 1353 448 1384 ease
457 1339 482 1384 in
492 1336 581 1401 ingrati
591 1345 614 1384 et
624 1338 714 1385 inimicd
723 1340 789 1387 bonis

117 1403 210 1450 civitate
225 1402 298 1449 velit?
320 1401 345 1450 si
361 1402 452 1450 infamia
467 1404 529 1450 nulla
546 1411 612 1457 earet,
630 1412 654 1450 et
672 1403 700 1450 de
717 1402 790 1466 glorid

117 1475 208 1516 tanturn
224 1474 335 1530 ageretur,
354 1468 392 1528 qui
410 1467 501 1524 tandem
519 1469 645 1530 triumpbua
661 1484 707 1515 non
725 1485 789 1516 com-

116 1546 210 1581 munem
229 1533 327 1580 nominis
346 1531 444 1580 Romani
463 1534 558 1596 gloriam
580 1533 663 1581 babet?
690 1532 738 1582 Tot
759 1535 789 1582 de

117 1598 192 1648 Gallis
203 1597 317 1660 triumphi,
335 1605 371 1644 tot
384 1598 412 1644 de
427 1597 544 1661 Hispanis,
561 1605 597 1644 tot
610 1599 638 1646 de
649 1597 735 1654 Ptenis,
753 1599 789 1662 ip·

118 1679 195 1711 rorum
211 1670 298 1710 tantum
313 1663 480 1725 imperatorum,
498 1679 527 1710 an
586 1664 617 1710 uli
628 1663 735 1720 Romani,
753 1666 788 1711 di-

114 1728 215 1777 cuntur?
233 1727 429 1783 Quemadmodum
444 1729 533 1775 nonde
607 1730 638 1776 bo
650 1729 726 1784 modo,
745 1743 788 1777 nee

114 1793 143 1842 de
155 1791 291 1848 Hannibale,
309 1793 349 1840 red
364 1793 392 1840 de
406 1792 508 1856 Epirotia
522 1792 592 1842 Carth
623 1795 788 1857 'nienar'butque

114 1859 222 1922 triumphi
237 1858 281 1906 acti
297 1866 364 1916 aunt;
382 1858 413 1905 aic
429 1873 474 1905 non
490 1859 584 1906 Manius
618 1861 679 1906 uriua
690 1867 786 1914 tantum,

113 1936 156 1972 nec
169 1922 197 1971 P.
209 1922 337 1977 Cornelius,
355 1923 395 1970 red
405 1921 504 1970 Romani
515 1921 686 1986 triumpbirrmt
721 1923 788 1970 Mili-

113 1994 163 2036 tum
174 1988 264 2050 quidem
275 1987 365 2050 propria
376 1996 410 2036 est
421 2003 503 2046 causa;
515 1989 553 2049 qui
564 1996 587 2035 et
597 1989 639 2051 ipai
649 1989 750 2041 laureati,
762 1995 786 2035 et

112 2053 207 2115 quinque
218 2053 290 2108 donia,
303 2053 383 2115 quibua
394 2052 469 2101 donati
482 2061 541 2107 aaut,
555 2054 664 2116 insignes,
678 2053 786 2100 ‘Trium-

110 2117 190 2182 phum’
208 2118 300 2165 nomine
317 2119 384 2173 cient,
403 2133 499 2180 tuaeque
513 2126 537 2166 et
551 2118 693 2180 imperatoria
708 2117 786 2165 lauda

112 2189 220 2230 canentes
236 2198 277 2245 per
293 2183 370 2231 urbem
386 2183 500 2231 incedunt.
537 2183 561 2230 si
577 2183 666 2245 quando
682 2197 728 2229 non
746 2183 786 2230 da-

111 2247 195 2314 portati
211 2259 240 2295 ex
254 2247 371 2310 provincial
385 2249 467 2296 militer
478 2247 507 2296 ad
517 2250 654 2311 triumphum
670 2247 722 2302 rint,
740 2248 787 2296 ire-

110 2320 192 2361 munt:
211 2319 235 2360 et
249 2320 325 2362 tamen
340 2321 388 2361 tum
404 2329 530 2376 quoquere
540 2315 650 2367 abrentes,
668 2313 729 2374 quod
740 2313 786 2360 auia

110 2379 214 2427 mambua
230 2386 294 2442 parta
307 2379 402 2426 victoria
417 2381 453 2434 ait,
471 2379 609 2441 triumphare
622 2379 724 2426 credunt.
761 2377 787 2426 Si

129 2445 164 2492 uir
176 2459 218 2492 vor
229 2443 361 2508 interroget,
378 2445 468 2499 militer,
487 2445 589 2506 adquam
601 2459 648 2491 rem
659 2444 683 2490 in
695 2441 785 2491 ltaliam

109 2459 229 2574 deportati,
247 2517 270 2557 et
285 2524 331 2557 non
344 2511 427 2566 atatim,
445 2507 549 2557 confecti
558 2507 681 2572 provincii,
700 2507 787 2556 dimisti

108 2574 175 2624 aida?
191 2572 247 2637 quid
261 2573 360 2624 Romam
375 2573 505 2637 frequenter
519 2576 561 2624 rub
579 2575 651 2639 aignia
668 2573 783 2626 veneritir,

107 2639 161 2701 quid
179 2639 299 2690 moremini
317 2637 363 2698 bic,
380 2647 404 2689 et
421 2655 468 2688 noa
489 2639 572 2690 diverti
589 2639 670 2690 domur
689 2637 787 2702 quisque
