1892 2909
176 116 222 161 154
296 115 325 161 Τ.
341 112 428 162 L1v11
445 112 498 163 La
512 111 581 163 xm,
600 115 661 165 cu.
675 120 714 162 ne

172 242 258 305 quibus,
275 240 357 305 lungun
371 245 516 293 contentione
526 245 606 304 habilis
615 252 706 308 propter
715 234 841 310 muddtffl

172 320 224 353 nem
238 308 368 369 petentium,
385 310 453 357 crecti
464 308 494 355 L.
507 308 637 357 Postumius
651 310 751 357 Anum·
761 315 785 355 et
798 306 837 355 Μ.

172 369 281 433 Popillium
292 371 382 421 Laenns.
401 372 515 421 Praetores
524 375 576 421 inde
585 373 647 428 fecti,
658 373 782 424 Numerius
793 370 840 419 lu.

101 472 102 477 ,
170 435 220 482 liius
231 435 311 491 Buteo,
329 437 366 488 M·
380 437 502 493 Matienus,
520 437 550 487 C·
562 437 682 493 Cicereius,
700 438 736 486 M.
755 436 839 485 Furius

173 496 289 564 Crassipes
310 502 397 557 iterum,
419 503 450 549 Α.
464 502 548 551 Atilius
567 504 676 551 Serranus
691 504 782 557 iterum,
806 497 836 548 0.

173 562 268 613 Cluvius
279 567 362 613 Saxula
371 567 459 614 iterum.
479 566 583 615 Comitiis
589 568 699 630 perfectis,
711 568 756 629 Ap·
768 564 839 614 OEsu·

171 628 221 675 dius
237 628 332 684 Centho,
350 642 380 677 ex
394 630 512 679 Celtiberis
526 648 596 679 ovans
609 646 661 679 cum
671 634 694 678 in
707 631 792 679 Urbem
803 630 840 675 in-

171 694 220 748 iret,
238 694 315 741 doeem
325 696 394 742 millis
433 696 478 743 ndo
492 697 585 759 argenti,
602 698 700 757 quinque
712 696 781 743 millis
791 694 840 741 surl

170 758 196 803 in
207 760 308 805 serarium
319 760 377 806 tulit.
469 776 498 807 en
509 760 583 809 Dislis
592 762 737 823 inauguratus
747 767 782 806 est
791 758 836 807 Cn.

173 820 298 887 Cornelius.
325 822 414 871 Eodem
425 839 485 871 sono
494 826 568 872 talida
577 826 601 871 in
612 826 683 872 aedem
691 825 774 872 Matris
785 823 840 871 Ms·

171 893 227 933 tutae
243 902 294 933 cum
310 888 382 935 indice
401 890 444 935 hoc
461 890 535 951 posits
552 897 599 937 est:
626 889 690 936 “'l's
713 888 839 951 Sempronii

173 950 270 997 Graccis
279 953 377 999 oonsulis
387 954 480 1015 imperio
490 954 631 1015 auspicioque
643 954 704 1017 legio
716 953 840 1001 aerdtus·

171 1026 218 1075 que'
230 1017 306 1077 populi
321 1016 419 1065 Romani
435 1018 558 1065 Sardiniam
573 1019 667 1081 subegit.
702 1016 732 1064 ln
746 1015 773 1065 ei
786 1031 840 1080 pro-

171 1078 245 1126 vincii
257 1082 354 1127 hostimn
369 1090 428 1129 caess
437 1090 477 1129 sut
487 1090 551 1145 ospts
560 1098 626 1145 suprn
636 1082 752 1144 octoginta
761 1081 837 1128 millio.

172 1142 305 1206 Republici
315 1144 440 1193 felicissime
450 1146 522 1209 gesti,
539 1154 605 1207 stque
618 1146 714 1194 lslsmstis
724 1145 840 1209 vectigali-

174 1210 215 1255 bus
232 1214 245 1243 *
262 1211 377 1264 restitutis,
395 1212 518 1257 exercitum
529 1212 614 1258 sulvum
625 1219 692 1272 etque
704 1210 841 1257 incolumem

172 1273 324 1335 plenissimum
334 1274 409 1336 praedi
420 1276 511 1322 domum
522 1277 655 1337 reportavit:
668 1276 748 1321 iterum
759 1274 840 1320 tdrnn-

76 1382 81 1389 ,
171 1338 276 1399 phuns'in
286 1334 362 1385 urbem
374 1338 471 1386 Romsm
483 1340 553 1387 rediit.
589 1338 661 1401 Cujus
673 1340 705 1386 rel
715 1355 770 1402 ergo
780 1340 840 1386 lianc

171 1403 268 1455 tsbulnm
281 1403 364 1451 donum
375 1403 429 1452 lovi
440 1403 525 1451 dedit.”
559 1404 667 1452 Ssrdiniae
677 1404 756 1451 iosulae
766 1403 840 1451 foma

171 1473 225 1521 ost,
238 1476 304 1529 etque
314 1470 336 1514 in
347 1467 375 1515 eis
386 1469 502 1516 simulocm
510 1484 636 1532 pugnarum
646 1470 712 1531 picta.
739 1468 839 1515 Munere

171 1532 318 1594 glsdintornm
332 1548 360 1580 eo
374 1547 433 1580 nuno
450 1534 534 1594 sliquos
547 1548 616 1595 pnrvs
629 1535 671 1580 ulis
685 1534 750 1592 dstn3
767 1548 838 1580 unum

172 1603 225 1643 mite
238 1605 320 1645 caeters
334 1597 421 1659 insigne
434 1598 478 1645 fuit
491 1597 521 1644 T.
532 1596 659 1652 Flaminini,
676 1599 742 1658 quod,
760 1596 839 1644 mortis

171 1659 238 1707 coust
253 1662 321 1723 putris
339 1663 379 1715 sui,
398 1678 449 1708 cum
463 1663 610 1709 viscermmne
623 1663 733 1724 epuloque
746 1669 770 1708 ct
780 1661 839 1708 ludls

171 1724 271 1779 scenicis,
283 1726 424 1785 quatriduum
432 1728 499 1773 dedis
526 1727 607 1789 Magni
618 1733 693 1773 tumen
704 1727 802 1774 muneris
812 1740 840 1792 es

173 1798 259 1837 summo
274 1789 323 1844 fuit,
342 1798 367 1837 ut
380 1806 421 1853 per
437 1792 535 1839 triduum
551 1800 647 1852 quotuor
661 1799 685 1839 et
698 1790 840 1855 septuaginta

173 1852 274 1900 homines
285 1853 412 1917 pugnirint.
474 1858 478 1862 ’

186 1942 189 1949 ·
214 1914 240 1981 [*
263 1918 326 1966 Finis
347 1920 412 1983 hujus
433 1922 486 1968 unni
506 1920 600 1983 insignis
621 1929 656 1968 est
678 1918 745 1975 novi,
768 1917 840 1981 eique
940 1945 944 1960 .

173 1983 249 2045 magni
268 1986 375 2031 momenti
393 1986 451 2048 lege,
469 2000 528 2046 qoae,
550 1998 597 2031 non
615 1986 663 2033 sine
683 1986 758 2046 aliquo
775 1993 840 2031 motu

172 2048 296 2109 animorum
311 2050 401 2111 agitata,
413 2051 525 2098 civitatem
536 2050 641 2096 exorem.
677 2049 795 2096 Hactenus
806 2048 840 2096 ie-

172 2112 243 2159 mlnss
261 2128 306 2159 non
325 2114 406 2167 minus,
424 2130 490 2175 quam
509 2115 577 2168 vlrbs,
597 2114 625 2161 sd
641 2114 781 2161 haereditntes
799 2114 840 2160 sd-

173 2176 230 2222 mitti
242 2179 280 2238 jus
290 2176 369 2225 lirerst.
397 2177 454 2225 lnde
463 2178 536 2233 liebst,
553 2185 578 2225 ut
587 2178 785 2225 illustrissimorum
796 2192 840 2225 sue-

172 2251 200 2301 pe
215 2238 346 2288 funilisrum
361 2244 419 2291 bons
433 2244 456 2289 in
471 2244 553 2291 alienos
567 2242 645 2290 domos
658 2242 840 2290 transfunderen-

172 2310 215 2354 tur.
228 2320 311 2367 msgno
321 2322 372 2353 oum
384 2307 509 2369 reipublicae
519 2308 608 2363 dunno,
620 2309 684 2372 cujus
693 2308 786 2354 interest
793 2306 840 2354 ols-

172 2382 247 2415 rorum
266 2370 382 2417 nominum
400 2372 524 2419 lsaeredihus
543 2380 660 2435 suppetere
678 2387 738 2435 opes,
759 2372 840 2431 quibus

172 2432 311 2493 splendorem
325 2437 422 2497 generis,
439 2452 497 2484 onus
507 2436 589 2497 alioqui
599 2437 671 2499 megin
686 2451 751 2498 quern
762 2436 839 2489 decus,

173 2498 239 2544 tutori
250 2506 273 2545 et
283 2514 391 2547 exornare
399 2502 491 2563 possint
521 2497 612 2549 Deinde
622 2503 695 2556 etism
707 2516 766 2555 cum,
779 2514 840 2547 cres-

172 2563 272 2609 centinus
279 2566 326 2627 Jsm
337 2566 423 2631 imperii
434 2566 518 2627 opdsus,
532 2570 657 2613 crescerent
666 2579 756 2627 quoque
765 2566 842 2627 privs·

171 2633 245 2675 torum
254 2629 344 2684 divitia,
357 2636 430 2676 metus
440 2638 495 2685 esst
507 2645 537 2677 ne
546 2631 637 2693 pronior
644 2627 753 2677 mmriin
761 2630 841 2676 luxum
