1892 2909
167 108 217 153 m
286 103 316 151 Τ.
330 102 419 152 LIVII
435 104 488 153 Lm.
503 96 599 153 XLIII.
620 104 679 156 cn.
692 110 716 155 3.

165 232 202 279 ius
211 238 236 279 et
244 231 261 279 ii
272 234 309 293 qui
320 234 449 281 eorumdem
459 235 483 281 in
495 233 605 297 republicd
615 236 758 283 consiliorum
767 234 832 283 socii

165 305 239 351 erunt,
250 296 302 345 freti
312 297 404 361 egregii
414 298 549 347 conscientiis
556 300 645 347 illibatae
653 316 707 363 ergo
717 300 835 349 Romanos

166 360 227 412 fidei·
254 361 340 410 Verum
349 365 386 410 ubi
396 364 439 411 illis
449 365 637 411 criminationibus
647 378 723 413 aurem
735 367 835 427 praehere

167 424 285 475 Romanos
296 436 420 483 senserunt,
429 436 453 476 et
459 430 569 492 principes
577 430 684 491 quosdam
693 430 832 482 AEtolorum,

168 505 226 551 quos
235 494 317 555 pariter
327 501 442 556 suspectos
453 493 552 541 fecerant
563 497 734 542 obtrectatorum
749 495 834 541 calum·
868 508 870 513 ·

168 555 221 611 niae,
232 556 331 605 Romam
342 558 455 619 mductoo,
468 566 516 605 tum
527 560 616 607 dernum
628 575 683 622 opus
696 575 745 606 esse
762 559 835 606 credi·

168 619 257 676 derunt,
269 631 296 669 ut
305 623 345 669 sibi
359 623 402 685 ipsi
416 624 507 684 suisque
520 625 584 671 rebus
594 625 742 671 consulerent.
773 621 833 671 Cum

168 693 244 733 nutem
255 688 310 733 nihil
318 690 637 751 succurreret‘praeterregirrn
646 689 772 742 amicitiem,
782 704 834 735 curn

169 748 255 799 Perseo
276 752 404 799 mcietrtem
421 753 478 800 inire
495 754 565 801 coacti
585 760 643 808 sunt,
663 755 727 814 eique
741 760 834 815 gentem

168 830 232 862 suom
243 816 336 863 undere.
370 816 454 864 Romae
465 818 496 864 A.
510 817 630 872 Hostilius,
642 817 673 865 A.
685 818 768 865 Atilius
779 832 835 863 con-

166 879 235 933 sules,
242 880 298 926 inito
308 881 448 943 magistratu,
459 889 483 929 et
492 882 594 944 peractis,
606 898 657 944 quae
667 882 742 929 divina
753 883 834 929 huma·

169 958 243 1005 nsque
251 944 276 989 in
287 943 351 991 Urbe
358 953 381 992 et
392 946 450 993 circo
461 946 548 994 Urbem
553 946 606 996 ¹lieri
618 962 631 994 a
642 947 768 994 consulibus
783 960 833 996 mos

168 1014 211 1062 est,
223 1010 247 1055 in
254 1010 379 1071 provincius
386 1010 480 1073 proiecti
491 1019 550 1058 sunt.
577 1011 698 1066 Hostilius,
710 1012 746 1057 cui
753 1010 834 1058 Mace·

167 1072 236 1120 donin
245 1074 362 1136 obtigerat,
373 1090 425 1122 cum
436 1076 460 1124 in
467 1075 606 1123 'lhessslism
617 1077 645 1123 nd
652 1076 774 1123 exercitum
782 1092 834 1137 pro·

167 1145 263 1201 peraret,
274 1138 378 1201 Epirum,
392 1155 445 1200 quae
460 1141 559 1186 nondum
574 1148 649 1203 aperte
663 1140 779 1193 defecerat,
799 1141 835 1187 in-

167 1218 266 1314 ἔξω
275 1219 354 1265 parurn
364 1203 439 1258 obfuit,
452 1203 505 1265 quin
513 1205 619 1252 incideret
628 1207 651 1251 in
658 1204 735 1252 Persei
743 1219 830 1253 manus.
933 1260 937 1270 Ι

114 1315 120 1321 ,
207 1268 301 1315 eodotus
311 1269 371 1315 enim
379 1269 475 1329 qnidam,
487 1276 511 1315 et
521 1268 677 1324 Philostratus,
689 1270 730 1315 rati
745 1284 800 1323 sese,
814 1269 833 1315 si

169 1346 223 1379 enm
234 1332 282 1395 regi
290 1334 408 1387 traderent,
420 1348 525 1396 mognnn
533 1336 628 1395 gretiam
636 1336 694 1397 apud
703 1333 786 1381 Perses
800 1334 836 1383 iu-

165 1396 246 1452 ituros,
254 1404 277 1445 et
283 1398 440 1459 gravissimum
450 1400 474 1444 in
481 1399 598 1461 presentis
606 1400 715 1447 Romanis
726 1399 833 1446 domnum

167 1461 277 1517 illaturos,
289 1463 317 1509 od
327 1478 404 1525 regem
414 1464 489 1511 literas
500 1461 586 1518 dedere,
599 1473 631 1518 ut,
643 1462 726 1525 quanti
735 1460 834 1512 maxims

88 1578 90 1583 .
167 1534 245 1588 posset
261 1527 380 1582 celeritate,
391 1535 523 1577 resumeret.
552 1528 674 1583 Quodnisi
688 1536 711 1576 et
723 1526 831 1577 Perseum

168 1593 256 1653 objecto
264 1607 279 1639 o
288 1592 397 1639 Molossis
404 1593 433 1639 od
440 1591 515 1640 Ioum
524 1607 612 1641 emnem
620 1610 687 1641 moro
691 1590 831 1647 retsrdisset,

167 1663 193 1703 et
203 1656 289 1709 conoul,
301 1656 329 1703 de
338 1657 463 1706 imminenti
472 1658 570 1719 periculo
579 1658 683 1713 monitus,
695 1660 723 1705 ob
730 1659 834 1705 instituto

168 1719 249 1768 itinere
256 1718 389 1775 deflexisset,
401 1722 536 1771 vixvidetur
545 1722 644 1785 effligere
654 1724 759 1785 potuisse.
783 1720 834 1783 lgi-

164 1790 207 1829 ¹tur
215 1782 292 1831 relicti
297 1784 376 1846 Epiro,
383 1787 498 1849 mvignvit
505 1788 652 1848 Anticyram
664 1788 723 1834 unde
730 1786 834 1835 inThes-

138 1883 140 1896 .
167 1848 248 1897 salim
262 1851 383 1898 contendit.
418 1850 453 1898 Ibi
469 1860 561 1914 accepto
577 1853 682 1905 exercitu,
701 1853 729 1899 od
746 1853 833 1897 hostem

167 1914 272 1975 permit.
313 1915 358 1962 Sed
376 1915 445 1963 nihilo
462 1916 549 1965 felicius
562 1918 643 1965 bellum
662 1916 831 1969 administravit,

166 1993 236 2039 quom
252 1979 326 2041 priore
341 1995 401 2027 nono
416 1988 506 2042 gestum
524 1981 603 2029 fuerat.
638 1980 699 2029 Nom
715 1987 739 2028 et
754 1980 834 2041 proelio

165 2044 289 2097 ¹commisso
300 2060 351 2092 cum
362 2061 416 2108 rege
425 2047 503 2107 pulsus
515 2053 555 2100 est,
574 2053 598 2093 et
614 2060 665 2093 oum
681 2046 777 2107 primum
794 2059 835 2106 per

163 2106 290 2169 Elymcom
300 2110 347 2158 vim
356 2110 430 2158 fucere
436 2109 551 2165 tentisset,
563 2111 641 2159 deinde
649 2127 688 2173 per
696 2109 835 2158 Thessaliam

165 2174 258 2220 occulte
275 2174 347 2220 moliri
363 2175 412 2229 iter,
430 2176 510 2237 ubique
524 2182 655 2223 occurrente
671 2174 762 2228 Perseo,
774 2188 833 2223 vano

169 2244 253 2285 consto
262 2238 368 2286 obsistere
377 2247 467 2287 coactor
475 2247 517 2289 ert.
537 2240 588 2287 Nee
597 2240 734 2287 Hortensius
741 2245 832 2301 pretor,

168 2301 207 2347 cui
217 2302 294 2350 chron
304 2304 421 2365 obtigerat,
435 2305 556 2366 quidqmm
571 2305 624 2353 satis
638 2305 693 2351 scite
707 2310 746 2351 sut
761 2302 835 2351 fortu-

165 2371 223 2412 ¹nete
236 2367 298 2427 egit5
317 2370 381 2430 eujus
394 2383 425 2415 ex
441 2370 587 2431 rcbsrsgestis
598 2370 653 2417 nihil
664 2367 835 2417 mormorion

168 2428 279 2490 insignius
285 2439 327 2485 est,
339 2447 406 2492 quom
415 2434 509 2481 crudelis
518 2441 540 2481 et
550 2433 634 2495 perfido
643 2434 703 2481 urbis
714 2432 833 2480 Abderita-

166 2506 219 2539 rum
227 2493 329 2557 direptio,
340 2512 392 2543 cum
402 2498 539 2545 intolerando
552 2498 592 2545 sibi
601 2498 704 2559 imposita
718 2510 786 2543 onere
794 2495 834 2544 de·

165 2566 317 2625 precarentur.
335 2557 693 2624 IgiturPerseus,Romano‚sjom
700 2561 831 2623 despiciens,

165 2633 195 2668 nc
204 2621 267 2671 velut
276 2623 362 2674 otiosus
375 2625 441 2687 plone
456 2633 480 2673 et
497 2641 587 2681 monus,
606 2626 714 2693 corollarii
724 2625 797 2677 uicem
805 2625 833 2677 in
