1892 2909
224 108 253 159 Τ.
267 110 354 159 LIVII
372 110 424 159 Lu.
444 110 527 159 XLII.
544 110 604 161 Car.
621 114 658 157 14.
730 112 778 156 16⁹

114 233 231 289 uiuum
238 241 355 305 trilecerit,
362 247 472 289 umatum
479 246 630 288 occursurum.
651 236 779 300 Hocquum

114 305 178 351 vohis
185 312 259 353 tutum
268 313 306 352 aut
317 307 435 353 honestum
444 307 481 359 rit,
491 321 533 353 vos
541 303 653 352 videritis:
666 320 710 367 ego
719 308 780 350 certe

113 370 168 415 mihi
178 376 245 431 turpe
251 386 301 417 esse
311 370 372 424 duxi,
387 372 449 432 prius
458 369 542 416 Persea
551 370 580 416 sd
589 370 672 416 bellum
682 367 780 415 inferen-

113 432 174 486 dum,
191 449 257 495 quum
267 450 305 481 me
315 436 399 481 socium
412 436 440 481 ad
450 433 615 497 predicendum
627 440 652 479 ut
662 432 776 485 caveretis,

113 498 190 544 venire
205 498 229 543 iu
246 497 339 546 Italiam.
375 498 478 546 Functus
493 498 619 545 necessario
631 497 686 542 mihi
696 496 778 549 officio,

113 568 136 608 ct
146 562 243 622 quodurn
257 563 324 609 modo
339 561 431 610 liberati
446 573 514 624 atque
530 559 650 609 amenti
663 560 708 606 lide
721 556 778 611 mei,

111 625 166 686 quiid
182 627 240 673 ultra
252 626 326 675 facere
340 642 439 689 possum,
456 643 523 688 quam
541 627 574 674 uti
591 624 656 673 Deos
672 624 780 689 Deosque

113 702 197 751 precer,
210 698 236 737 ut
247 707 288 739 vos
298 698 322 737 et
329 699 411 739 vestris
421 692 554 753 reipublice,
566 699 590 739 et
598 691 661 737 nohis
671 689 737 737 socius
745 694 780 735 at·

114 756 301 867 iiiiii&
309 750 714 881 diluluum
721 798 725 803 ’
733 832 779 865 u.

114 890 194 937 terum,
206 884 231 929 in
241 885 360 946 presentis
370 885 431 939 nihil,
445 892 594 947 prietes-quun
604 885 674 931 luisse
684 884 707 929 in
718 881 780 930 curii

114 960 199 1009 rogan,
211 949 268 995 seire
276 950 393 1011 quicquum
401 951 474 1011 potuit
482 966 488 996 ι
501 966 529 997 co
538 950 626 997 silentio
636 950 711 996 clnusa
719 948 780 994 curia

114 1018 169 1059 emt.
204 1011 270 1061 Bello
280 1013 376 1075 denique
385 1013 492 1076 perfecto,
503 1030 600 1075 queque
609 1015 669 1060 dieu
679 1015 706 1060 ab
716 1028 778 1075 roge,

115 1092 211 1137 quaeque
225 1092 331 1140 responsa
344 1085 427 1131 essent
439 1076 577 1125 emanavere.
613 1076 689 1123 Persei
701 1073 780 1122 deinde

115 1142 175 1203 rogis
185 1142 266 1205 legatis
276 1149 327 1203 post
337 1158 420 1204 paucos
428 1142 476 1189 dies
486 1149 576 1189 senatus
585 1142 649 1188 datus
657 1148 699 1186 est.
725 1138 779 1187 Cae-

113 1212 194 1260 terum,
213 1207 373 1269 praeoccupatis
391 1222 437 1253 non
456 1208 545 1253 aurihus
560 1206 633 1267 magis
649 1218 714 1265 quam
731 1204 780 1249 ani·

111 1271 156 1317 inis
166 1272 194 1317 ab
204 1270 309 1319 Eumene
319 1286 380 1333 repe,
392 1272 465 1317 omnis
476 1277 500 1317 et
510 1271 609 1318 defensio
619 1277 643 1316 ct
654 1268 780 1330 deprecatio

113 1334 239 1397 legatorum
254 1337 409 1397 respuebatur:
431 1343 455 1382 et
469 1336 608 1397 exasperavit
621 1334 707 1381 animos
720 1332 782 1378 sero-

113 1398 147 1445 eia
157 1399 225 1447 enimi
241 1396 342 1461 Harpali,
359 1400 398 1460 qui
410 1400 512 1462 princeps
525 1398 644 1462 legationis
656 1405 711 1443 erat.
747 1394 779 1449 Is,

114 1469 130 1493 ⁴⁴
141 1463 200 1510 vella
209 1462 299 1525 quidem
310 1471 333 1511 et
342 1463 466 1517 laborum*
483 1464 546 1517 dixit,
561 1470 578 1493 ‘⁶
589 1477 672 1525 regem,
687 1469 713 1507 ut
727 1476 781 1523 pur-

113 1528 184 1589 genti,
197 1544 221 1575 se
232 1528 287 1575 nihil
301 1528 381 1575 hostile
393 1528 477 1575 dixisse
486 1536 525 1575 aut
533 1527 621 1580 iecisse,
634 1525 689 1584 fides
699 1526 780 1573 habos·

113 1599 161 1639 tur:
175 1599 290 1646 caeterum,
297 1594 314 1639 si
322 1594 458 1655 pervicacius
465 1607 555 1639 causum
561 1592 612 1639 belli
618 1591 689 1652 quaeri
697 1591 778 1644 videat,

13 1686 16 1695 ›
112 1654 165 1703 torti
173 1657 248 1703 animo
255 1656 396 1705 defensurum
405 1672 447 1707 se..
464 1657 564 1708 Martem
572 1670 713 1703 communem
721 1670 778 1709 esse,

113 1726 137 1767 et
158 1729 264 1768 eventum
283 1721 392 1769 incertum
413 1720 492 1769 belli.”
525 1722 636 1769 Ommhus
653 1720 779 1768 mulnhhus

115 1785 213 1833 Graeciae
231 1793 298 1847 atque
311 1786 375 1835 Asiae
389 1800 450 1833 curae
465 1793 520 1840 erat,
538 1786 591 1847 quid
606 1785 684 1832 Persei
700 1785 778 1847 legati,

114 1850 166 1911 quid
175 1850 292 1898 Eumenes
298 1850 322 1897 in
334 1858 412 1898 senatu
420 1850 517 1913 egissetz
530 1850 779 1913 etproptersdrentum

114 1914 168 1976 dus,
181 1930 248 1975 quem
258 1923 372 1962 moturum
386 1916 468 1978 aliquid
479 1916 589 1969 rebantur,
609 1915 716 1961 miserant
732 1914 780 1974 pla·

86 2032 88 2036 ,
113 1994 189 2039 risque
197 1980 306 2034 civitates,
318 1980 360 2027 alia
370 1980 393 2027 in
405 1980 501 2042 speciem
511 1979 662 2041 preferentes,
674 1978 776 2038 legatos:

114 2048 137 2091 at
147 2044 230 2105 legatio
239 2043 378 2098 Rhodiorum
389 2050 444 2098 erat,
456 2059 483 2091 ac
493 2044 588 2104 Satyrus
598 2043 707 2104 princeps.
720 2040 779 2086 haud

114 2105 201 2161 dubius,
213 2108 266 2169 quin
275 2108 390 2157 Eumenes
400 2109 514 2156 civitaten
524 2122 615 2169 quoque
624 2120 687 2153 suam
702 2104 780 2151 Persei

114 2172 244 2219 criminibus
248 2174 368 2235 junxisset.
403 2172 485 2233 Itaque
499 2172 560 2219 omni
574 2170 642 2218 modo
653 2185 694 2231 per
703 2176 780 2231 patro-

100 2249 157 2283 ·nos
166 2236 308 2298 hospitesque
318 2236 453 2301 disceptandi
464 2252 517 2283 cum
524 2251 578 2298 rege
585 2236 661 2282 locum
670 2234 694 2279 in
701 2240 780 2281 senatu

114 2302 234 2361 querebat.
269 2301 338 2355 Quod
348 2317 399 2355 cum
410 2302 548 2363 contigisset,
559 2300 660 2347 lihertate
669 2299 780 2360 inteinpo-

114 2364 199 2412 nntius
212 2366 314 2413 invectus
327 2367 351 2413 in
370 2381 454 2429 regem,
470 2364 531 2426 quod
546 2363 669 2426 Lyciorum
688 2370 780 2425 gentem

113 2428 220 2477 drusus
228 2430 330 2477 Rhodios
341 2428 481 2484 concitisset,
493 2430 628 2493 graviorque
637 2427 701 2474 Asis
711 2434 778 2480 esset,

114 2508 180 2555 quum
192 2494 319 2541 Antiochus
329 2494 408 2543 fuisset
415 2512 423 2552 l
437 2495 567 2556 popularem
579 2494 675 2555 quidun·
683 2507 710 2538 ac
725 2505 779 2553 gra·

114 2564 161 2604 tsnr
168 2555 255 2621 populis
266 2558 329 2609 Asia
340 2561 403 2623 (num
418 2560 446 2607 ἑο
456 2572 545 2621 quoque
557 2559 606 2620 jam
622 2556 686 2607 favor
700 2554 778 2603 Persei

146 2637 198 2670 voa.
212 2636 234 2669 r.
448 2663 449 2671 ,
536 2637 553 2674 α
