1892 2909
142 121 190 165 266
254 110 386 163 T.L1v11
404 110 455 159 Lan
470 110 563 158 XLIV.
583 109 643 160 Car.
659 110 696 157 17.

138 247 219 309 justitz
242 245 324 295 locum,
341 242 410 289 lautis
426 242 534 303 praeberi:
557 240 605 302 agri
624 237 746 291 Tarentini,
756 240 809 299 oui

142 310 243 372 publicus
252 308 328 369 populi
339 306 514 358 Romaniesset,
526 305 708 365 ducentajugern
718 303 771 357 deri,
783 312 808 350 et
942 332 943 341 .

143 374 203 421 aedes
218 372 311 419 Tarenti
325 372 381 418 emi:
401 378 426 415 ut
440 376 570 422 eacumret,
589 367 618 417 C.
631 367 808 429 Decimioprss-
835 363 844 375 ²
942 378 943 385 ¹

143 439 187 485 ton'
203 438 339 485 mandatum.
380 434 493 483 Censores
511 448 603 481 censum
619 433 691 479 idibus
707 432 808 479 Debem-

143 503 226 556 bribus,
237 502 341 549 severius
354 514 421 560 quarn
436 506 495 550 ante,
513 500 648 545 habuerunt:
667 498 743 543 multis
757 497 821 557 equi*

143 568 233 620 adernti,
249 568 309 613 inter
318 579 375 625 quos
386 563 414 609 P.
425 564 520 616 Rutilio,
532 563 569 623 qui
580 563 680 609 tribunus
690 560 759 623 plebis
769 574 809 607 eos

141 633 252 679 violenter
261 627 388 677 sccusirat:
406 628 465 674 trrbu
480 642 568 689 quoque
582 627 601 673 is
616 634 697 679 motus,
714 632 738 671 et
752 640 809 671 sers-

143 697 192 743 rius
205 696 284 743 foebus.
319 694 358 740 Aa
371 708 438 753 opera
451 692 539 753 publica
547 691 653 745 faciende,
670 706 722 739 oum
732 691 764 735 eis
773 688 810 735 oi-

107 795 109 799 ·
143 762 237 807 midium
247 774 277 806 ex
286 757 431 818 vectigalibus
441 759 490 819 ejus
500 757 551 803 anni
562 757 691 803 attributum
702 768 730 801 ex
745 768 810 801 sens·

144 824 297 871 tiis-consulto
308 821 478 881 equaeatoribus
489 828 562 878 esset;
578 819 615 866 Τί.
627 818 769 879 Sempronius
780 832 810 867 en

144 887 172 935 eb
181 885 281 949 pecunli,
298 900 349 946 quae
359 885 401 946 ipsi
411 886 516 932 attributa
527 892 580 938 erat,
599 884 658 930 aedes
669 883 696 929 P.
708 881 809 933 Africani

146 966 205 1014 pone
223 950 319 997 Veteres
334 950 363 995 ad
378 947 499 995 Vertumni
515 950 612 1013 signum,
630 949 771 1008 lanienasque
786 942 810 993 et

146 1018 247 1063 tabernas
262 1015 398 1076 conjunctos,
414 1014 438 1059 in
452 1014 564 1075 publicum
579 1014 639 1066 emit,
657 1012 821 1071 basilicamque¹

145 1080 268 1128 faciendam
285 1078 377 1131 curarit,
394 1093 445 1137 quae
463 1084 541 1139 postea
559 1078 689 1139 Sempronia
705 1076 815 1139 appellata

148 1153 190 1193 etl·

180 1210 265 1257 XVII.
283 1209 336 1259 Jam
350 1209 374 1255 in
384 1210 446 1255 exitu
456 1223 528 1255 arrnus
539 1214 592 1261 erat,
611 1214 641 1261 et,
657 1215 746 1269 propter
757 1206 812 1255 Ma·

147 1276 247 1322 oedonici
257 1275 354 1321 maxime
363 1273 414 1319 belli
424 1288 508 1326 curam,
525 1274 549 1318 in
560 1273 699 1319 sermonibus
711 1272 812 1320 borsines

148 1341 262 1391 habebant,
279 1354 335 1399 quos
348 1339 372 1383 in
387 1352 470 1384 annum
481 1338 584 1383 consules
594 1337 622 1385 sd
631 1336 752 1383 finiendum
762 1343 814 1383 tnn-

45 1416 47 1420 ·
146 1405 199 1451 dem
216 1404 240 1450 id
257 1404 340 1451 bellum
358 1409 471 1449 crearent:
493 1402 567 1463 itaque
585 1400 817 1449 senatus-consultum

147 1468 231 1533 stonum
246 1476 288 1521 est,
305 1475 331 1513 ut
346 1464 389 1515 Cn.
404 1466 511 1513 Servilius
526 1466 598 1527 primo
612 1481 701 1527 quoque
713 1473 815 1527 tempore

147 1533 177 1583 sd
187 1534 276 1581 comitia
286 1532 385 1579 hebenda
393 1531 487 1577 veniret
517 1530 751 1579 Senator-consultum
762 1530 815 1577 Sul·

147 1598 218 1659 picius
231 1604 315 1659 praetor
328 1596 357 1643 ed
366 1596 480 1642 consulem
492 1599 507 1629 θ
519 1600 533 1626 ·
543 1602 595 1657 post
608 1610 690 1657 paucos
700 1595 748 1643 dies
758 1596 816 1647 τεοίς

148 1662 211 1714 tevit,
223 1663 302 1721 quibus
312 1661 429 1707 antediem
440 1665 455 1690 ⁸
467 1665 481 1691 *
492 1660 516 1705 in
528 1658 614 1707 Urbem
624 1667 751 1711 ventumm.
781 1658 816 1707 Et

148 1726 228 1771 consul
242 1725 368 1777 maturavit,
385 1732 409 1771 et
422 1723 512 1771 comitia
526 1740 553 1770 eo
568 1724 610 1779 die,
628 1724 665 1787 qui
676 1724 748 1771 dictans
758 1731 813 1778 erat,

148 1799 202 1835 sunt
217 1788 321 1850 perfecta.
357 1787 468 1837 Consules
485 1789 553 1835 creati
570 1788 598 1835 L.
609 1788 716 1837 AEmilius
731 1788 816 1835 Paulus
844 1788 851 1801 ‘

147 1854 236 1907 iterum,
254 1853 348 1914 septimo
358 1853 445 1900 decium
455 1868 514 1899 anno
524 1860 641 1915 postquam
651 1854 722 1916 pn'mo
737 1853 817 1899 consul

87 1945 90 1950 ·
148 1918 228 1971 firmet,
240 1925 263 1965 et
274 1916 303 1965 C.
315 1916 415 1963 Licinius
424 1916 527 1966 Crassus.
558 1918 670 1967 Praetores
680 1924 770 1977 postem
780 1918 817 1965 die

148 1983 202 2029 facti
213 1982 258 2031 Cn.
268 1981 360 2029 Baebius
370 1982 508 2044 Tamphilus,
522 1980 550 2029 L.
562 1983 656 2029 Anicius
667 1982 754 2035 Gallus,
768 1979 813 2030 Cn.

150 2046 265 2097 Octauius.
284 2046 311 2093 Ρ.
323 2046 431 2094 Fonteius
438 2045 530 2099 Balbus,
543 2046 579 2093 Μ.
590 2047 696 2095 AEbutius
704 2046 770 2099 Elva,
784 2044 813 2094 O.

150 2111 253 2173 Papirius
264 2110 345 2161 Carbo·
380 2111 463 2159 Omnia
472 2118 499 2157 ut
509 2112 616 2159 maturius
626 2118 752 2173 agerentur,
763 2111 816 2157 belli

149 2171 290 2223 Macedonici
308 2176 433 2223 stimulabat
451 2191 517 2222 cura:
536 2176 616 2237 itaque'
630 2176 757 2236 designatos
776 2188 817 2221 ex-

149 2240 233 2301 templo
245 2240 318 2286 sortiri
329 2241 412 2301 placuit
421 2240 545 2301 provincias
551 2257 559 2297 3
577 2248 608 2295 ut,
627 2240 670 2287 utri
681 2238 817 2287 Macedonia

149 2304 242 2355 consuli,
260 2304 339 2364 cuique
353 2306 443 2366 praetori
458 2305 534 2352 elensis
544 2306 649 2359 venisset,
667 2304 774 2361 sciretur3
791 2312 817 2351 ut

145 2368 194 2428 jem
207 2367 260 2413 inde
274 2369 398 2429 cogitarent
411 2377 564 2430 pararentque,
582 2384 632 2430 quae
646 2368 705 2417 bello
721 2370 771 2415 usui
782 2368 817 2415 fo-

149 2438 207 2483 rent,
218 2439 364 2491 sensuumque
371 2433 519 2485 consulerent,
532 2434 551 2481 si
561 2432 605 2495 qui
615 2450 640 2481 re
650 2434 753 2481 consulto
760 2448 819 2495 opus

150 2501 216 2540 esset.
245 2501 260 2523 “
272 2493 371 2550 Latinus,
384 2498 420 2543 ubi
431 2499 586 2559 magistratum
596 2499 696 2551 inissent,
709 2496 769 2557 quod
778 2512 820 2559 per

148 2558 268 2619 religiones
275 2567 359 2619 posset,
369 2560 538 2624 primoquoque
548 2570 649 2625 tempore
658 2561 706 2611 nen
716 2562 804 2623 plaeere
809 2579 818 2620 ς

97 2678 100 2687 Ι
144 2634 222 2682 neque
238 2625 360 2681 consulem,
377 2624 414 2672 cui
428 2626 525 2675 eundum
540 2628 564 2676 in
578 2626 736 2679 Macedoniani
750 2634 819 2683 meet,
