1892 2909
17 54 49 97 22
110 48 140 99 Τ.
154 46 244 97 nvn
257 46 314 97 lira.
328 44 454 95 XXXIX.
468 43 540 94 Can.
549 50 591 93 22.

18 195 71 228 eum
81 178 200 242 proficisci.
235 178 323 233 Quarto
334 179 379 232 die,
389 177 583 239 quimissuaerst,
599 175 695 223 Lunam

18 246 96 293 venit:
115 245 191 306 paucis
203 250 256 291 ante
271 244 347 293 diebus
361 242 497 304 Calpurnius
512 241 625 304 profectus
635 249 695 287 eret.

19 310 53 358 Et
68 310 92 355 in
104 309 212 357 ,citeriore
230 308 341 372 Hispanii
359 308 392 355 Lr
400 308 503 355 Manlius
518 306 635 360 Acidinus,
652 306 696 367 qui

18 375 98 421 eodem
108 382 217 437 tempore,
230 391 275 436 quo
288 373 309 423 C
326 374 425 427 Atinius,
439 374 464 419 in
477 372 616 434 proxinciam
626 371 691 425 ierat,

18 455 70 489 cum
89 437 208 493 Celtiberis
225 441 273 487 scie
287 438 397 487 conflixit.
429 437 521 485 lacerti
535 434 630 485 victorii
645 435 696 484 dis-

18 520 108 551 aessum
129 513 171 559 est,
192 506 237 551 nisi
255 506 316 567 quod
336 503 442 553 Celtiberi
463 512 538 551 matra
553 503 607 549 inde
625 509 695 552 noete

17 570 122 631 proximi
131 578 266 627 moventem
284 570 397 617 Romanis
410 577 433 617 et
450 584 505 615 suos
523 567 649 631 sepeliendi,
668 573 695 613 et

1 636 188 697 'spolialegendi
199 636 346 689 exbostibm,
358 633 578 697 potestasfactaest.
604 631 695 679 Paucos

19 708 71 762 post
86 700 140 755 dies,
157 702 242 764 majore
256 708 334 747 coacto
350 701 456 753 metatu,
470 698 577 748 Celtiberi
587 697 616 744 ad
626 694 695 747 Gula«.

18 766 104 827 gurrim
113 767 218 827 oppidum
229 768 289 813 uitro
299 766 460 813 lacessiverunt
474 765 555 827 proeiio
566 762 694 810 Romanos.

20 829 83 876 Nihil
94 832 195 885 traditur,
213 847 264 893 quse
280 847 347 878 causa
365 840 458 877 umnero
475 838 542 877 aucto
559 826 695 875 infirmiores

20 893 162 942 confecerit:
179 898 276 959 superati
286 896 367 958 proelio
377 902 445 943 sunt:
463 894 616 941 adduodeoim
624 892 697 944 millia

19 961 136 1007 hominum
156 976 221 1015 caess,
234 962 285 1024 plus
300 962 344 1007 duo
355 968 434 1023 capta:
454 967 478 1007 et
488 960 567 1006 castris
575 958 696 1007 Romanus

18 1026 116 1087 potitus:
133 1035 162 1080 et,
176 1027 218 1073 nisi
229 1042 345 1073 successor
355 1027 453 1073 adventu
462 1040 504 1073 suo
512 1024 642 1071 inhibuisset
650 1022 696 1068 im·

19 1098 96 1152 mum
107 1090 206 1145 victoris,
224 1092 308 1139 subacti
321 1090 427 1140 Celtiberi
445 1090 528 1137 forent.
560 1089 624 1136 Novi
634 1102 695 1151 prae·

19 1164 81 1201 tores
92 1158 157 1203 arnbo
165 1157 277 1204 exerdtus
285 1159 308 1203 in
319 1158 411 1203 hiberna
421 1156 569 1201 deduxerunt.

53 1220 141 1270 XXII.
159 1221 205 1269 Per
215 1238 254 1269 eos
262 1223 316 1276 dies,
329 1222 409 1282 quibus
417 1222 466 1267 haec
474 1236 505 1267 ex
513 1218 626 1282 Hispanid
634 1232 696 1291 upp-

19 1285 73 1333 tista
95 1294 154 1340 sunt,
173 1288 220 1333 ludi
238 1286 315 1335 Taurii
337 1302 377 1349 per
395 1286 487 1333 biduum
505 1285 560 1332 iacti
578 1284 699 1347 religionis

19 1348 100 1397 musi:
122 1348 172 1414 [per
190 1351 249 1415 dies]
268 1353 345 1399 decem
361 1359 479 1413 apparatos
490 1351 570 1398 deinde
579 1350 644 1397 ludos
655 1348 695 1399 Μ.

19 1414 121 1470 Fulvius,
140 1432 198 1478 quos
214 1424 308 1465 voverat
324 1417 425 1466 AEtolico
443 1416 509 1470 ballo,
530 1415 590 1469 fecit.
622 1414 697 1462 Multi

18 1480 114 1527 artifices
139 1497 168 1528 ex
190 1481 282 1530 Graecii
306 1491 415 1529 venerunt
437 1482 529 1529 honoris
551 1483 600 1545 ejtu
621 1476 698 1529 causi.

18 1546 162 1593 Athletnrum
179 1563 268 1608 quoque
290 1555 404 1594 cenunen
422 1554 471 1593 turn
489 1548 562 1609 primo
581 1545 696 1593 Romanis

19 1612 145 1671 spectaculo
157 1611 207 1666 fuit,
221 1621 245 1659 et
260 1613 348 1659 venatio
363 1612 415 1659 data
431 1610 523 1659 leonum
537 1619 561 1659 et
574 1611 695 1675 panthera-

18 1690 85 1733 rum;
102 1684 125 1723 et
135 1690 205 1740 prope
216 1680 282 1741 hujus
294 1678 370 1725 saeculi
387 1675 451 1739 copiti
468 1693 495 1724 ao
511 1677 620 1725 vmietatc
635 1675 697 1722 ludi-

19 1754 82 1787 crum
102 1743 237 1790 celebratum
255 1751 297 1789 est
338 1742 489 1789 Novemdiale
508 1742 588 1789 deinde
605 1756 695 1788 sacrum

18 1808 98 1859 tenuit,
111 1810 171 1868 quod
182 1809 205 1854 in
217 1807 303 1855 Piceno
313 1822 353 1869 per
364 1808 463 1855 tridurun
474 1808 583 1869 inpidibus
597 1808 694 1869 pluerat,

18 1870 127 1933 igncsque
142 1875 246 1920 caelestes
257 1870 401 1920 multifariam
417 1875 461 1919 orti
469 1873 583 1920 adussisse
594 1871 697 1934 complu-

19 1937 77 1982 rium
88 1937 132 1984 tevi
141 1938 217 1986 afflatu
226 1939 361 1985 vestimenta
371 1939 469 1985 maxime
477 1939 616 1985 dicebantur.
643 1936 696 1982 Ad-

18 2000 64 2048 dita
74 2010 97 2049 et
109 2018 178 2057 unum
190 2004 249 2051 diem
267 2004 398 2065 supplicatio
413 2011 449 2050 est
460 2013 491 2050 ex
502 2003 592 2050 decreto
602 2000 696 2065 pontifi-

18 2080 78 2120 cum,
91 2069 152 2129 quod
163 2069 223 2115 aedes
234 2068 291 2130 Opis
302 2070 325 2114 in
335 2067 447 2131 Capitolio
459 2070 488 2115 de
497 2070 557 2115 coelo
567 2075 627 2114 tacta
635 2073 690 2113 erat.

18 2128 110 2178 Hostiis
126 2135 247 2196 majoribus
264 2134 367 2180 consules
384 2132 541 2195 procurirunt,
562 2131 695 2193 Urbemque

17 2196 177 2245 lustraverunt.
214 2199 261 2246 Sub
272 2199 330 2246 idem
342 2206 431 2261 tempus
444 2208 468 2245 et
483 2208 513 2245 ex
523 2196 620 2245 Umbnd
635 2206 696 2243 nun-

17 2262 97 2309 tiatum
111 2272 153 2317 est,
171 2265 311 2311 semimarem
323 2264 440 2311 duodecim
451 2264 523 2310 ferme
533 2278 605 2309 annos
615 2270 696 2311 natm

17 2325 149 2375 inventum:
167 2329 189 2375 id
198 2331 325 2392 prodigium
334 2331 495 2382 abominantes,
507 2331 577 2375 arceri
589 2328 696 2375 Romano

17 2401 81 2452 agro,
91 2395 209 2455 necarique
217 2396 380 2457 quamprimum
384 2396 510 2457 jusserunt.
535 2394 625 2440 Eodem
634 2406 695 2439 anno

19 2456 80 2503 Galli
91 2457 241 2521 Transalpini,
254 2462 389 2523 transgressi
407 2460 434 2506 in‘
447 2458 569 2506 Venetiam
587 2458 637 2504 sine
651 2470 696 2521 po·

16 2522 131 2582 palatinae
141 2533 181 2572 aut
191 2527 256 2580 bello,
268 2526 328 2573 baud
338 2526 417 2588 procul
428 2526 488 2578 inde,
500 2525 539 2573 ubi
550 2528 610 2571 nunc
619 2523 696 2583 Aqui-

16 2586 59 2637 leia
70 2596 112 2644 est,
124 2590 200 2639 locum
215 2592 297 2655 oppido
313 2591 431 2642 condendo
445 2596 561 2654 cepenmt.
598 2586 695 2651 legatis
