1892 2909
254 143 283 193 Τ.
297 142 387 193 mvn
403 144 456 193 Lm.
471 144 569 194 XLIII.
592 146 652 197 Cas.
667 152 690 195 8.
763 155 809 201 288

134 276 248 331 haherent,
266 290 306 323 eos
319 276 395 337 primo
402 290 494 337 quoque
503 283 605 339 tempore
615 276 706 325 domum
718 294 810 342 resoca-

134 340 213 389 rent.”
239 339 385 391 Cretensibus
394 356 446 387 cum
456 342 500 387 hoc
509 356 616 403 responso
625 344 728 399 dimissis,
739 344 809 395 Chal·

134 407 236 455 citienses
250 407 339 463 vocati3
356 420 452 466 quorum
466 406 549 467 legatio
564 407 613 467 ipso
628 408 728 464 introitu,
746 412 775 457 oh
785 412 809 459 id

134 472 195 534 quod
203 466 288 517 Mrctio
302 471 406 533 princeps
421 486 507 524 eorum,
524 472 616 533 pedibus
628 480 711 534 captus,
729 474 809 525 lectica

134 545 170 584 cst
179 536 304 589 introlatus,
322 535 408 582 ultimae
422 536 561 583 necessitatis
574 538 687 599 externplo
697 538 746 585 visa
756 556 808 600 res3

126 602 160 654 ,in
176 600 220 663 qui
235 602 267 647 ita
283 599 364 647 affecto
379 602 495 649 excusatio
511 602 652 656 valetudinis,
670 610 708 649 aut
724 606 810 667 seipsi

133 667 222 728 quidem
233 666 329 727 petenda
339 666 460 720 risaforet,
473 675 512 713 aut
523 667 575 713 data
585 668 670 729 petenti
680 683 726 714 non
738 678 805 717 esset.

134 730 195 781 cum
204 731 245 778 sibi
255 731 311 777 nihil
320 731 366 778 vivi
377 732 494 793 reliquum,
506 738 655 794 praeterquam
665 733 766 796 linguam
777 735 806 782 ad

131 796 280 859 dqslorandas
296 796 375 857 patrie
392 812 440 843 suae
456 797 600 851 calamitates,
618 797 726 859 praefatus
739 807 806 855 esset,

130 862 239 925 exposuit
249 861 345 907 civitatis
354 862 451 923 primum
463 877 511 909 suae
521 862 643 917 benefacta,
656 870 679 909 ct
689 871 773 919 vetera,
785 872 809 913 et
853 918 854 922 ,

128 942 161 974 ca
183 941 235 987 quse
250 924 328 972 Persei
343 927 401 973 bello
418 928 576 989 praestitissent
593 928 685 975 ducibus
704 931 808 977 exerciti-

129 992 219 1052 busque
235 989 358 1037 Romanis:
378 998 427 1037 tum
443 1007 495 1052 quse
510 993 582 1054 primo
601 990 630 1041 C.
646 992 766 1042 Lucretius
782 996 806 1043 in

129 1056 647 1183 ffifflsffippppffl
660 1074 737 1169 tt}
755 1076 808 1171 οῗ
854 1082 859 1095 ’

327 1139 334 1167 ι
720 1140 758 1171 me
798 1157 805 1173 .

128 1186 275 1235 Hortensius
282 1186 378 1234 faceret:
392 1187 579 1248 quemadmodum
591 1187 667 1233 omnia
677 1188 725 1241 sibi,
737 1190 806 1236 etism

130 1252 160 1299 iis
169 1266 222 1314 quse
229 1252 342 1314 patiantur
351 1253 456 1307 tristiora,
464 1252 569 1314 patienda
574 1266 626 1299 esse
634 1252 716 1299 ducant
723 1254 806 1315 potius,
829 1290 831 1295 .

130 1332 199 1379 qrsam
215 1332 240 1364 se
250 1318 332 1364 dedant
343 1316 416 1364 Persi.
451 1316 548 1371 “Quod
558 1318 586 1363 ad
597 1316 729 1365 Lucretium
741 1317 806 1365 Hor-

131 1383 275 1442 tensiumque
283 1382 394 1436 attineret,
407 1382 470 1436 scire,
482 1382 553 1429 tutius
560 1382 631 1428 fluisse
641 1382 743 1429 claudere
752 1398 806 1444 por-

131 1455 175 1501 tas,
193 1462 260 1507 quam
270 1447 294 1491 in
305 1448 382 1494 urbem
399 1462 439 1494 cos
453 1448 560 1509 accipere.
597 1446 645 1501 Qui
659 1446 807 1511 exclusissent

130 1528 178 1566 eos,
189 1510 327 1566 Emathiam,
340 1512 501 1574 Amphipolim,
515 1511 656 1565 Maroneam,
666 1510 762 1566 AEnum,
771 1513 807 1558 in-

129 1578 232 1625 columes
249 1591 313 1622 esse:
332 1577 392 1639 apud
408 1592 432 1624 se
450 1577 534 1638 templa
550 1576 653 1623 omuibus
669 1578 806 1624 ornamentis

130 1642 265 1703 compilata3
282 1641 418 1703 spoliataque
435 1642 557 1704 sacrilegiis
574 1640 602 1690 C·
617 1640 748 1688 Lucretium
766 1657 807 1690 aa

129 1708 196 1754 vibus
204 1706 300 1752 Antium
311 1707 428 1754 devexisse
434 1724 442 1765 3
459 1706 528 1753 libera
536 1721 629 1769 corpora
639 1707 662 1753 in
674 1708 805 1754 servitutem

127 1774 236 1834 abrepta;
252 1770 355 1818 sommas
371 1773 484 1818 sociorum
500 1772 577 1834 populi
592 1771 691 1819 Rcmsui
708 1772 805 1835 direptas

129 1853 187 1891 esse,
204 1844 229 1884 et
243 1837 343 1897 quotide
357 1836 427 1899 diripi.
463 1836 533 1890 Nam,
551 1851 581 1883 ex
596 1837 699 1883 instituto
712 1835 741 1886 C·
755 1836 806 1883 Lu·

128 1904 200 1957 cretii,
219 1901 370 1948 Hortenn'um
381 1916 471 1963 quoque
481 1901 505 1946 in
515 1904 581 1948 tectis
595 1902 669 1950 hieme
678 1902 760 1964 pariter
771 1908 805 1948 at·

128 1984 174 2030 que
182 1974 261 2015 aestate
272 1966 363 2013 navales
371 1967 444 2014 socios
452 1967 539 2020 habere,
549 1972 572 2013 et
580 1966 660 2013 domos
668 1980 720 2013 suas
727 1967 805 2027 plenas

128 2032 195 2080 hubi
211 2030 301 2079 nautici
314 2047 379 2090 esse;
396 2032 481 2079 versari
495 2031 554 2077 inter
568 2046 599 2085 se,
617 2032 738 2093 conjuges,
750 2030 806 2076 lihe-

126 2113 287 2210 ppoesqrrpe’puos,
305 2098 384 2158 quibus
398 2096 455 2144 nihii
468 2110 543 2158 neque
556 2095 630 2143 dicere
643 2095 714 2157 pensi,
732 2109 807 2156 neque
862 2104 868 2117 ¹

164 2226 238 2274 vm.
252 2227 375 2275 Accessere
384 2228 408 2273 in
420 2233 522 2275 senatum
534 2224 666 2274 Lucretium
676 2223 766 2287 placuit,
779 2232 806 2272 ut

128 2295 264 2355 disceptaret
274 2308 357 2346 coram,
366 2300 517 2356 purgaretque
525 2306 581 2339 sese.
607 2290 723 2340 Ceterum
732 2290 805 2337 multo

128 2362 194 2424 plura
204 2372 303 2420 praesens
313 2358 405 2412 audivit,
417 2372 484 2419 quam
495 2358 519 2404 in
530 2358 644 2404 absentem
650 2357 713 2419 jacta
722 2362 802 2402 etanta

128 2435 154 2475 et
167 2422 284 2488 puriores
293 2424 474 2485 potentioresque
485 2420 600 2469 accessere
610 2429 750 2469 accusatores
760 2420 820 2481 duo,

128 2491 212 2540 tnbuni
220 2489 297 2551 plebis,
315 2488 408 2536 Manius
418 2488 541 2537 ,luventius
551 2486 640 2534 Thalna
650 2494 673 2534 et
682 2484 727 2536 cn.
738 2484 806 2531 Aus-

127 2558 186 2604 dius.
221 2554 243 2601 Ii
254 2568 301 2600 non
311 2554 335 2600 in
346 2561 425 2601 senatu
439 2552 508 2601 modo
518 2568 570 2600 cum
581 2550 714 2604 lacerirunt,
732 2550 771 2597 sed
782 2549 807 2595 in

126 2624 261 2672 concionem
280 2619 347 2665 etiam
366 2626 486 2681 pertracto,
505 2618 582 2665 multis
600 2616 692 2680 objectis
711 2614 806 2677 probris,

124 2690 187 2737 aiem
195 2687 308 2734 dixerunt.
326 2684 425 2734 Senatus
432 2687 499 2749 jussu
508 2681 692 2732 Chalcidensibus
699 2678 731 2733 Q·
744 2678 807 2725 Me-
