1892 2909
236 128 268 181 Tr
278 126 368 181 L1v11
382 127 437 181 ιιι
451 126 547 181 XLIV.
567 126 627 185 Cur.
643 132 681 181 10.
748 132 796 194 „²3⁹

131 266 217 313 etates
228 258 274 305 duo
287 260 367 312 murati
381 250 547 320 proo‘urrebant,
561 259 733 320 comminatique
743 260 802 309 inter

131 340 165 379 se,
180 325 207 371 ab
221 322 267 370 imi
280 324 305 369 in
319 337 430 376 summam
441 324 575 376 testudinem
586 340 625 385 per
636 324 727 371 densata
738 333 802 375 scuta

129 401 183 437 cum
194 389 323 443 maassmt,
335 403 396 438 nunc
404 389 467 436 velut
478 396 644 451 propugnantes
654 404 694 450 per
702 404 752 436 ores
760 404 801 437 ex·

130 462 211 503 tremae
218 454 343 509 testudinis,
355 467 415 501 nune
422 455 447 499 iu
454 452 528 499 medii
535 454 593 499 inter
602 468 626 499 se
634 462 799 510 concurrentes,

129 518 191 570 haud
202 532 266 566 secus
276 527 342 578 quam
354 519 425 566 stabili
436 520 485 565 solo
496 518 652 579 persultabant.
679 517 742 564 Huic
754 526 801 566 tes·

131 583 204 631 tudini
215 582 326 629 simillimi
335 585 392 645 parti
403 584 461 631 muri
469 579 565 644 adrnoti,
578 596 629 629 cum
638 584 716 629 ansati
725 598 802 645 super-

70 645 72 650 ’
132 655 218 695 stantes
228 649 344 701 subissent,
361 649 562 723 propugnatoribus
577 648 636 693 muri
649 647 740 708 lastigie
753 648 803 695 alti-

132 713 216 759 tudinis
227 713 380 773 aequsbaotur.
397 713 412 759 d
411 713 577 775 epnisisqueiis,
589 711 612 757 in
621 713 697 757 urbem
706 712 801 759 duorum

131 778 249 839 signorum
260 778 342 825 milites
352 778 542 825 transcenderunt.
565 743 593 823 ld
601 784 688 825 tantum
697 776 803 824 dissimile

131 841 183 896 tris
199 842 265 902 quod,
281 850 305 888 et
317 843 341 889 in
351 843 426 889 fronte
436 839 543 895 extremi,
560 849 583 887 et
594 856 623 889 ea
633 841 743 894 lateribus,
761 843 803 890 soii

133 921 180 958 noa
196 908 305 953 habebunt
319 923 386 969 super
401 907 473 969 capita
488 907 546 953 elata
562 913 631 960 scuta
649 922 678 954 ne
694 907 804 955 nudarent

133 986 243 1031 eorpora;
266 970 305 1017 sed
320 979 426 1033 praetecta
441 972 589 1033 pugnantium
608 986 685 1017 more:
710 973 741 1019 itu
760 987 802 1020 nec

134 1037 195 1096 ipsos
205 1036 250 1083 tela
259 1050 289 1081 ex
299 1052 363 1083 muro
377 1038 445 1084 missa
459 1036 579 1083 subeuntes
594 1036 706 1089 laeserunt,
723 1045 747 1083 et
757 1044 803 1085 tes-

135 1100 207 1145 tudini
222 1100 304 1161 injecta
317 1101 393 1149 imbris
409 1102 432 1145 in
448 1101 540 1148 modum
557 1100 641 1145 lubrico
659 1099 749 1161 fastigio
768 1102 803 1147 in-

134 1165 202 1211 noxia
212 1165 240 1211 ad
250 1166 320 1211 imum
331 1166 464 1213 labebantur.
486 1165 520 1211 Et
528 1164 613 1216 consul,
624 1166 742 1225 captojam
751 1164 802 1211 He·

133 1230 215 1283 noles,
231 1237 303 1278 castra
316 1246 344 1277 eo
359 1232 485 1292 promovit3
503 1236 617 1289 tamquam
631 1228 712 1282 Dium,
728 1236 801 1289 etque,

132 1295 185 1341 iude
201 1296 382 1356 submotorege,
399 1296 423 1341 in
439 1294 536 1343 Pieriam
551 1294 618 1340 etiam
634 1308 799 1355 progressurus·

135 1357 187 1412 seu
203 1360 295 1405 hiberna
304 1361 353 1420 jam
367 1374 502 1420 praeparans,
517 1360 565 1405 vias
580 1359 738 1407 commeatibus
752 1360 804 1405 sub-

134 1423 243 1472 rebendis
256 1437 286 1472 ex
299 1422 416 1471 Tbessalii
430 1425 511 1469 muniri
524 1424 595 1486 J‘ubet,
613 1431 636 1469 et
652 1423 704 1484 eligi
719 1424 804 1471 horreis

136 1488 326 1549 opportrmsloca
343 1496 444 1550 tectaque
459 1488 569 1543 adflent
586 1489 621 1535 ubi
637 1487 741 1535 diversari
752 1503 804 1549 por-

135 1559 210 1600 tantes
220 1559 357 1601 commeatus
367 1560 465 1613 possent

169 1616 202 1663 X.
224 1616 327 1669 Persen,
347 1618 444 1672 moden,
463 1634 478 1665 a
494 1633 589 1694 pavore·
593 1634 619 1665 eo
636 1633 679 1678 quo
696 1607 803 1663 attonitus

134 1680 215 1735 suaet
227 1690 317 1743 recepto
324 1683 407 1736 auimo
419 1682 510 1737 malles
504 1682 602 1743 imperiis
611 1682 656 1729 suis
664 1696 710 1729 non
719 1683 805 1731 obtem·

126 1752 238 1809 *peratum
254 1762 310 1799 esse,
330 1764 382 1794 cum
399 1747 511 1809 trepidans
526 1762 608 1809 gazam
624 1748 648 1791 in
664 1762 725 1793 mare
741 1748 805 1810 dejici

136 1810 215 1862 Pelle
227 1810 394 1859 'lbessalouicae
402 1812 489 1859 navabo
494 1813 592 1874 jusserat
600 1812 694 1860 incendi.
714 1812 805 1859 Andro-

135 1878 206 1930 nicus,
219 1874 400 1925 Thessalonicam
411 1877 500 1931 missus,
512 1883 609 1923 traxerat
619 1884 714 1937 tempus,
728 1877 762 1939 (id
772 1877 806 1937 ip·

137 1954 187 1987 som
198 1942 259 2002 quod
268 1938 359 1999 accidit)
374 1941 512 2001 poenitentiae
527 1940 653 2001 relinquens
663 1941 751 1987 locum:
769 1940 806 1985 in.

137 2007 223 2053 metior
229 2005 308 2053 Nicias
314 2005 385 2054 Pellae
391 2006 527 2066 projiciendo
534 2006 635 2067 pecuniae
643 2013 736 2066 portem,
746 2005 806 2064 quod

137 2069 210 2117 meret
219 2079 310 2118 meurs:
327 2070 399 2118 sedin
410 2068 482 2133 [rem]
491 2070 649 2115 emendabilem
660 2069 722 2117 visus
732 2070 807 2131 lapsus

138 2148 195 2187 esse,
207 2135 267 2193 quod
277 2150 317 2195 per
327 2135 450 2181 urinatores
461 2149 529 2181 omne
539 2133 609 2181 ferme
620 2140 744 2181 extractum
755 2141 803 2182 ests

138 2203 258 2257 tantumque
271 2198 343 2259 pudor
357 2200 406 2275 regi
420 2200 510 2261 pauoris
524 2200 572 2261 eJ'us
581 2198 631 2253 fuit,
648 2206 674 2245 ut
684 2200 807 2247 urinatores

136 2261 196 2307 elam
206 2262 318 2309 interlici'
309 2266 414 2339 Jusserit3
431 2264 510 2311 deinde
520 2263 674 2312 Andronicum
686 2279 774 2324 quoque
785 2270 808 2311 et

134 2324 229 2380 Nician,
243 2342 273 2373 ne
286 2328 336 2388 quis
350 2334 396 2375 tarn
407 2329 533 2376 dementis'
527 2329 613 2390 imperii
623 2329 726 2375 conscius
737 2328 808 2377 exsis-

136 2393 202 2439 teret.
223 2389 288 2439 luter
295 2393 344 2440 hauc
353 2392 383 2442 C.
392 2394 500 2447 Marcius,
513 2408 564 2439 cum
576 2393 646 2441 classe
656 2394 683 2439 ab
695 2392 808 2439 Heracleo

136 2454 320 2505 Thesmlonicsm
328 2458 449 2534 profectus,
461 2466 485 2505 et
495 2472 574 2519 agrum
585 2458 684 2518 pluribus
694 2457 757 2511 locis,
769 2470 809 2503 ex-

136 2521 216 2584 positis
224 2536 265 2583 per
272 2522 338 2570 litora
345 2524 443 2577 urentis,
455 2524 500 2571 late
508 2522 610 2575 vastavit,
623 2530 646 2569 et
654 2530 809 2584 procurrentes

135 2587 164 2631 ab
172 2588 234 2639 urbe,
246 2587 350 2635 secundis
356 2589 441 2648 aliquot
449 2588 542 2649 proeliis,
555 2587 653 2647 trepidru
661 2588 720 2633 intre
728 2584 810 2633 mmsis

133 2653 251 2717 compulit.
268 2652 367 2713 Jamque
377 2654 420 2715 ipsi
430 2654 479 2701 urbi
487 2652 588 2701 terribilis
597 2659 651 2709 erat,
665 2666 724 2717 cum,
737 2650 811 2708 dispo·
