1892 2909
253 98 384 159 aurun
401 98 454 160 nn
470 100 553 162 xm.-
573 100 634 158 cn.
648 108 687 163 se.
759 106 807 165 nee

123 228 232 289 §iniiam
245 226 273 277 (l.
286 227 396 277 Caninius
408 224 503 282 Rebilus
517 238 551 277 est
565 232 664 286 sortitus,
681 230 805 292 LFurins

123 290 213 351 Philus
229 292 360 349 Sardiniam,
376 292 405 341 L.
417 292 541 343 Canuleius
555 295 696 357 Hispaniam,
708 294 742 355 C·
751 296 804 352 su-

120 359 201 419 ,pieius
214 359 287 405 Galba
301 360 407 407 urbanam
418 358 603 421 jurisdictionem,
620 360 649 406 L.
658 360 741 417 Villius
751 361 804 411 Aa·

123 422 186 476 nelis
201 424 412 485 interqoegrinon
449 420 478 471 C.
490 421 598 471 Lucretio
614 425 689 480 Gallo,
706 442 751 487 qun
765 440 802 481 se-

121 489 196 539 natus
208 488 337 541 censuisset,
351 504 400 534 sors
410 488 492 535 evenit.
787 525 789 528 .

161 550 277 599 XXXII.
299 550 363 601 Inter
379 553 485 599 consules
504 552 577 615 magis
596 548 713 609 cavillatio,
733 569 800 615 quam

123 618 351 680 magnacontentio,
363 618 390 664 de
400 615 516 679 provincial
527 618 577 664 fuit.
613 616 712 671 Cassius,
730 625 745 647 ‘⁴
753 618 801 670 sine

125 690 190 729 sorte
212 698 237 729 se
258 682 416 729 Macedoniam
436 681 592 743 optaturum,''
613 683 706 738 dicebat,
730 689 746 711 ⁴⁴
759 697 800 741 nec

123 762 195 809 posse
217 746 333 808 collegam,
361 748 423 795 salvo
438 747 595 810 jurejurando,
618 763 694 795 seeum
716 747 797 803 sortiri.

126 810 255 862 Praetorem
271 826 331 865 eum,
349 826 378 858 ne
393 812 417 857 in
432 813 569 873 provinciam
585 814 634 866 iret,
651 812 675 858 in
691 812 799 868 concione

117 874 220 939 jurirsse,
231 892 255 923 se
266 882 324 923 stato
335 876 385 923 loco
397 878 503 937 statisque
510 877 587 925 diebrns
592 877 702 924 saclificia
707 878 796 938 babere,

119 956 185 1002 quae,
203 942 294 987 absente
308 956 340 995 se,
358 947 418 988 recte
432 940 480 987 lieri
495 956 543 987 non
558 950 663 1003 possent3
680 958 735 1003 qnae
751 956 797 997 non

119 1006 200 1067 ¹magis
211 1005 309 1059 consule,
322 1020 389 1065 quam
400 1012 503 1066 praetore,
515 1007 606 1053 absente
617 1015 677 1053 recte
685 1006 735 1055 lieri
741 1022 798 1069 pos-

125 1080 183 1123 sent.
212 1071 237 1119 si
249 1077 345 1123 senatus,
358 1084 404 1116 non
414 1069 468 1129 quid
480 1070 546 1115 vellet
556 1071 579 1115 in
590 1070 707 1117 consulatu
712 1073 795 1133 potius,

117 1134 291 1195 quamquain
305 1132 402 1195 praeturai
412 1134 522 1197 juraverit
537 1134 564 1179 P.
574 1134 682 1188 Licinius,
697 1135 796 1181 animad-

125 1200 258 1248 vertendum
270 1215 319 1246 esse
330 1207 427 1252 censeat,
440 1214 464 1245 se
475 1206 550 1245 tamen
560 1198 661 1250 futurum
671 1200 695 1244 in
706 1199 796 1247 senatis

124 1262 262 1327 potestate.”
289 1262 393 1312 Consulti
405 1263 491 1316 Patres,
504 1264 540 1309 cui
551 1264 691 1309 consulatum
699 1264 795 1325 populus

124 1328 244 1377 &manus
255 1344 301 1375 non
312 1326 424 1390 negisset‚
438 1329 466 1374 ab
477 1343 502 1373 se
511 1328 647 1389 provinciam
659 1329 743 1388 negari,
757 1343 796 1376 su-

122 1395 217 1455 perbum
234 1394 282 1447 rati,
301 1394 374 1441 sortiri
391 1392 493 1439 consules
504 1393 628 1453 jusserunt.
664 1391 691 1436 P.
704 1390 794 1454 Licinio

97 1507 102 1517 ,
124 1456 268 1512 Macedonia,
282 1456 310 1507 C.
321 1456 400 1505 Cassio
411 1454 478 1503 Italia
488 1457 585 1503 obvenit.
618 1454 732 1517 legiones
743 1456 794 1501 inde

118 1522 198 1573 sortiti
211 1531 277 1569 sunt:
296 1521 368 1585 prima
382 1529 405 1567 et
419 1522 485 1567 tertia
497 1521 521 1566 in
536 1519 693 1567 Macedoniam
708 1521 794 1582 trajice-

119 1596 208 1644 rentur,
229 1587 327 1635 secunda
345 1593 368 1633 et
386 1593 465 1646 quarta
483 1592 509 1634 ut
524 1585 547 1631 in
563 1583 629 1636 Italii
644 1591 791 1632 remanerent.

124 1652 236 1701 Delecttls
251 1650 440 1703 consulesmulto
454 1650 596 1697 intentiorem
611 1664 677 1710 quem
690 1649 744 1696 aliae
755 1664 794 1701 cu·

117 1734 171 1779 ,rem
182 1718 298 1763 habebant.
317 1714 419 1762 Licinius
429 1721 516 1762 veteres
527 1729 626 1777 quosque
636 1714 744 1761 scribebat
752 1714 794 1770 mi·

124 1783 175 1830 lites
186 1781 384 1841 centurionesque:
403 1786 427 1825 et
441 1778 506 1825 multi
520 1778 636 1826 voluntate
649 1780 741 1826 nomina
754 1780 795 1828 (le-

122 1848 184 1901 bant,
196 1846 248 1908 quia
256 1846 379 1907 locupletes
390 1844 501 1898 videbant,
512 1844 551 1903 qui
561 1844 634 1905 priore
644 1844 794 1894 Maeedonioo

123 1912 188 1965 bello,
204 1918 243 1958 aut
254 1910 359 1957 adversus
370 1908 509 1955 Antiochum
523 1909 547 1953 in
562 1906 626 1962 Asini,
639 1909 751 1970 stipendia
760 1908 795 1959 fe·

117 1983 206 2025 cerant.
243 1973 303 2023 Cum
319 1972 511 2026 tribuni'milltum
525 1974 673 2025 centuriones,
686 1970 738 2034 [sed
747 1973 794 2034 pri·

124 2038 198 2105 mum]
207 2054 326 2100 quemque,
344 2039 445 2091 citarent,
463 2035 509 2083 tres
521 2044 544 2084 et
558 2037 638 2099 viginti
644 2037 793 2092 centuriones,

118 2102 523 2229 ·nu¹¹‘⁰ni⁰nunnsn
533 2100 794 2219 qffiffgpq

122 2202 124 2206 .
228 2202 230 2207 .
460 2198 466 2220 ,
517 2198 524 2210 .
764 2202 768 2213 .

126 2232 161 2281 M.
170 2230 277 2282 Claudius
283 2232 414 2285 Marcellus,
423 2232 451 2279 nd
459 2231 562 2277 consules
569 2230 705 2293 rejiciebant:
721 2237 737 2260 “
743 2230 793 2280 Eo-

124 2314 174 2361 mm
183 2298 335 2360 cognitionem
344 2312 393 2344 esse
401 2296 487 2350 debere,
499 2296 578 2356 quibus
586 2294 691 2349 delectus
703 2295 794 2356 quisue-

53 2416 55 2431 .
122 2378 167 2425 que
176 2362 259 2410 bellum
270 2362 398 2409 mandatum
407 2358 497 2407 esset.”
531 2358 622 2414 Cetea,
638 2361 794 2423 “cognituros

123 2443 155 2482 se,
171 2426 199 2475 de
209 2426 368 2488 quonppellati
378 2424 596 2483 essent,”.aiebnnt;
614 2430 669 2479 “et,
684 2425 794 2488 siinjurin

115 2491 191 2545 ficret,
204 2492 312 2539 ausdlinm
320 2491 407 2537 civibus
415 2487 528 2537 laturos·”

156 2548 283 2605 XXXIII.
301 2554 342 2603 Ad
356 2555 459 2620 euboellia
472 2554 612 2601 tribunorum
627 2560 663 2603 res
676 2554 790 2616 agebatur.

116 2618 165 2677 Εὐ
176 2621 213 2673 M·
225 2610 335 2685 Fopillins
351 2619 480 2676 consumo
498 2618 626 2730 ssdvogetue
644 2619 793 2671 centulum

519 2699 536 2731 n
