1892 2909
227 83 256 157 r.
270 82 358 133 mvn
374 84 427 135 ns
441 86 525 135 xnn.
544 86 605 139 cu.
619 92 658 137 cs.
735 94 783 169 mr

112 211 349 282 iuradeBeilouaade
362 216 427 265 rebus
442 215 783 281 inLigun‘busgestisdissere-

111 288 158 337 Μ.
189 278 379 327 succlamationes
392 280 521 342 frequentes
538 292 608 335 erant,
627 284 785 347 interrogatio-

113 358 207 407 nesque,
220 359 260 391 cur
271 344 352 391 scelere
362 344 436 392 fratris
447 360 564 406 oppressos
575 345 672 409 Ligures
682 348 707 394 in
716 349 783 397 libar-

113 409 185 455 latem
197 422 243 455 non
252 408 400 457 restituisset?
426 407 524 457 Comitia
535 411 663 466 consularia,
681 408 782 475 inquam

112 472 188 520 edicta
201 479 265 520 erant
280 474 344 527 diem,
365 481 417 521 ante
434 474 492 519 diem
504 473 658 521 duodecimum
671 474 782 525 Calendu

111 534 213 585 Martias
234 546 287 585 sunt
304 538 383 587 habita.
419 536 496 587 creati
513 539 616 585 consules
635 537 663 585 P.
680 538 782 588 Licinius

112 600 219 655 Crassus,
233 600 261 651 C.
272 600 364 651 Cassius
375 602 502 667 Longinus.
527 602 623 650 Postero
631 604 781 667 diepraetores

113 664 177 721 facti,
192 662 221 717 C.
234 664 344 729 Sulpicius
356 668 434 721 Galba,
454 666 483 713 L.
495 666 577 715 Furius
588 667 673 722 Philus,
690 668 720 715 L·
735 668 782 719 Ca·

113 730 202 777 nuleius
211 728 292 784 Dives,
305 728 334 781 C.
344 730 465 786 Lucretius
475 732 562 787 Gallus,
575 732 603 781 C·
615 732 724 783 Caninius
732 734 781 782 Ru·

113 794 179 849 bilus,
193 792 222 841 1,
233 794 316 841 Villius
327 796 428 843 Annalis.
465 795 511 843 His
520 799 652 860 praetoribus
659 799 781 860 provincias

113 860 225 907 decretae:
244 858 353 935 duaejure
363 860 446 908 Romae
456 862 556 917 dicendo,
574 862 690 925 Hispanis,
709 872 732 911 ct
743 864 781 912 si-

113 924 172 979 cilia,
184 932 209 971 et
219 924 319 973 Sardinia
325 941 333 982 ;
345 933 370 971 ut
381 926 419 973 uni
430 941 479 972 sors
489 927 577 989 integra
587 936 652 983 esset,
662 944 706 989 quo
715 942 781 977 sena·

114 994 152 1035 tus
167 984 296 1036 censuisset.
327 987 462 1038 Consuhbus
474 991 596 1052 designatis
611 993 728 1054 imperavit
744 1003 781 1041 so-¹

114 1061 188 1110 uatus,
200 1060 233 1108 ut,
242 1050 287 1113 quei
297 1053 332 1100 die
345 1054 499 1117 magistratum
509 1056 608 1109 inissent,
620 1056 698 1103 hostiis
709 1061 781 1121 mmo*

113 1118 173 1165 ribus
190 1118 232 1165 rite
242 1118 350 1171 mactatis,
362 1127 511 1180 precarentur,
526 1127 558 1171 ut,
574 1119 633 1179 quod
647 1121 728 1167 beilum
739 1138 781 1183 po·

114 1183 179 1247 pulus
191 1182 309 1229 Romanus
320 1182 342 1228 in
354 1184 427 1229 animo
439 1184 528 1230 haberet
537 1199 622 1245 gerere,
631 1190 665 1235 ‚ut
680 1185 706 1230 id
716 1199 780 1247 pros·

114 1264 192 1359 Ἢ
204 1246 781 1375 {liliiiuioldeplrdiissloeiiiimaeiiiloffitii

145 1376 220 1423 aximo
228 1383 327 1431 voveret,
337 1376 438 1437 donaque
445 1378 504 1423 circa
514 1377 589 1423 omnia
595 1376 717 1437 pulvinaria
724 1378 779 1433 dari,

114 1442 133 1487 si
144 1440 266 1505 respublica
273 1441 349 1487 decem
361 1456 432 1487 annos
439 1441 463 1487 in
474 1441 551 1488 codem
561 1447 619 1487 statu
630 1440 715 1487 fuisset.
742 1439 780 1489 its

55 1554 58 1558 ,
113 1512 139 1552 ut
150 1512 289 1558 censuerant,
300 1506 325 1551 in
337 1502 448 1567 Capitolio
467 1505 530 1552 vovit
546 1505 625 1551 consid
640 1502 705 1551 ludos
722 1504 778 1559 fieri,

113 1568 247 1630 donatisque
258 1570 311 1624 dari,
324 1568 406 1630 quanti
418 1586 446 1616 ex
457 1568 551 1632 pecunii
558 1566 669 1616 decresset
677 1577 777 1625 senatus,

113 1650 166 1683 cum
183 1643 273 1681 centum
290 1643 313 1681 et
330 1634 491 1697 quinquaginta
509 1649 554 1681 non
573 1634 647 1681 minus
665 1634 776 1682 adessent.

115 1696 236 1747 Praeeunte
247 1699 314 1746 verbs
325 1696 410 1761 lepido
422 1698 526 1762 pontifice
540 1699 644 1750 maximo,
660 1698 683 1745 id
699 1707 778 1747 votum

115 1778 180 1811 susce
196 1771 243 1810 tum
258 1770 299 1809 est¹
335 1762 372 1810 Eo
387 1778 446 1810 anno
461 1763 585 1811 sacerdotes
595 1763 675 1825 publici
686 1765 777 1819 mortui,

114 1826 144 1875 L.
190 1826 263 1874 milius
272 1826 346 1889 Papus
354 1828 465 1875 decemvir
473 1832 593 1883 sacrorum,
605 1835 629 1875 et
640 1827 673 1882 Q·
684 1828 779 1877 Fulvius

114 1890 209 1940 Flaccus
219 1890 326 1955 pontifex,
341 1892 379 1952 qui
389 1893 462 1953 priore
472 1908 531 1939 anno
541 1892 613 1940 suerat
622 1906 708 1939 censor.
730 1892 779 1939 Hic

112 1954 174 2005 toedt
184 1967 257 2003 morte
273 1956 344 2017 periit.
379 1954 417 2003 Ex
430 1957 516 2004 duobus
532 1956 583 2003 filiis
599 1958 654 2019 eJus,
673 1952 712 2017 qui
728 1963 777 2002 tum

114 2021 137 2067 in
149 2020 240 2083 Illyrico
254 2020 383 2074 militabant,
401 2022 526 2068 nuntiatum
541 2022 635 2067 alterum
648 2017 776 2073 decesaim
847 2020 851 2027 “
896 2021 901 2033 “

116 2085 208 2134 alterum
219 2086 284 2148 gravi
295 2092 317 2132 et
327 2084 451 2147 periculoso
462 2087 540 2132 morbo
551 2099 637 2147 regrum
648 2098 704 2130 asse·
729 2082 778 2131 Ob-

116 2150 159 2196 ruit
175 2148 274 2197 snimum
291 2148 357 2201 simul
372 2150 447 2197 luctus
458 2158 590 2211 metusque:
607 2163 673 2195 mane
683 2143 780 2213 ingressi

115 2214 239 2262 cubiculum
251 2215 308 2261 serui
319 2214 397 2275 laqueo
408 2214 568 2277 dependentem
578 2209 694 2259 invenere,
720 2212 779 2262 Erat

116 2279 199 2341 opinio,
215 2286 267 2341 post
281 2293 397 2326 censuram
411 2278 486 2326 minus
500 2284 626 2340 compotem
641 2276 716 2324 luisse
727 2278 776 2325 sui:

116 2344 185 2405 vulgo
196 2342 294 2391 Junonis
309 2341 409 2390 Laciniae
422 2340 478 2391 iram
493 2344 522 2389 ob
537 2343 654 2405 spoliabant
670 2342 779 2405 templum

115 2402 221 2457 mentm
232 2407 445 2455 menternlerebant.
481 2407 593 2454 Suffectus
606 2408 631 2453 in
642 2406 728 2453 AEmilii
744 2407 780 2454 lo·

117 2487 167 2519 curn
182 2472 293 2521 decemvir
304 2472 341 2519 Μ.
352 2472 456 2521 Valerius
466 2472 581 2530 Messala3
597 2471 621 2518 in
634 2468 709 2519 Fulvii
723 2486 780 2534 pon·

109 2532 171 2583 'tifex
185 2532 230 2587 Cn.
241 2534 358 2585 Domitius
370 2538 537 2592 Ahenobarbus,
556 2535 636 2601 oppido
652 2537 781 2586 adolescens

118 2602 307 2669 sacerdosllectus.

147 2680 199 2714 von.
213 2678 234 2714 v.
563 2683 579 2714 a
