1892 2909
116 82 165 127 126
246 68 276 123 Τ.
290 72 380 123 Lavn
396 73 449 125 Ln-
463 73 534 123 XLI.
552 73 614 123 Car.
628 79 660 122 64·

115 205 225 269 oquinbm
233 189 334 253 ducentis
341 203 511 267 quinquaginta,
521 203 587 251 Pisas
597 210 624 251 ut
631 199 787 260 conr'cnimt,

117 274 230 329 ediceret3
247 284 341 331 eamque
351 270 496 332 provinciam,
507 270 562 317 dum
570 269 652 315 constal
660 269 714 315 inde
723 271 791 317 abea-

117 344 158 391 set,
168 342 291 383 tutaretur:
309 334 345 382 M.
359 334 458 381 Titinius
468 340 552 395 praetor
561 333 786 395 legionem-primam,

116 416 193 465 parem
204 415 322 449 numerum
334 399 445 445 sociorum
455 400 556 461 peditum
567 398 719 459 equitumque,
732 399 788 448 Asi-

116 467 204 513 minum
218 464 341 511 convenire
352 464 448 527 juberet
484 463 549 511 Naro
559 462 676 525 paludatus
687 462 753 511 Pisas
763 464 788 511 in

116 531 254 593 provinciam
272 536 308 575 est
323 528 443 591 proiectus.
479 527 585 582 rlitiuiua,
604 526 633 575 C.
648 526 730 576 Cassio
747 529 790 575 tri·

117 598 179 643 buno
189 596 285 644 rnilitum
294 594 431 647 Ariminum,
443 592 482 653 qui
490 599 598 653 praeeeset
604 592 787 654 legionbmisso,

118 660 229 709 mentum
242 658 325 705 Βοωεε
342 658 426 705 habuit.
461 657 498 703 M.
508 656 592 705 Junius
602 658 689 710 consul,
702 672 733 704 ex
743 656 794 713 La
805 699 810 706 ,

118 726 211 788 guribus
223 724 247 771 iu
262 722 400 785 provinciam
415 722 513 769 Galliam
524 729 684 783 transgressus,
699 722 792 771 auxiliis

117 790 220 851 protinus
234 802 274 849 per
291 786 392 835 civitates
410 787 493 833 Galliae
509 787 660 848 militibusque
675 784 789 853 [colonis]

62 888 64 895 ,
119 853 238 915 imperatis,
260 850 387 911 Aquileiam
405 851 515 912 pervenit.
550 850 585 900 Ibi
606 852 688 897 certior
705 850 788 907 monas,

119 918 243 965 exercitum
254 915 389 961 incolumem
400 931 457 969 asse,
470 916 557 977 scriptis
564 916 634 963 literis
640 914 748 971 Romam,
760 932 793 966 na

119 981 315 1033 tumultuarentur,
324 980 379 1041 ipse,
391 980 490 1029 remissis
497 980 592 1034 auxiliis,
603 996 657 1041 quse
663 981 792 1029 Gallisim-
807 1019 810 1024 ⁴

48 1079 54 1093 .
119 1052 242 1110 paraverat,
254 1045 283 1091 ad
293 1044 403 1106 collegam
414 1052 448 1093 est
458 1044 580 1107 profectam.
613 1045 790 1109 Romaemagna

118 1126 150 1160 ex
160 1110 292 1172 necopinato
302 1109 381 1156 laetitia
390 1110 445 1156 fuit:
464 1110 564 1157 delectus
574 1110 671 1156 omissus
680 1117 729 1158 mt:
748 1126 791 1159 es-
824 1119 830 1132 ⁸

120 1175 236 1229 auctorati,
248 1174 286 1235 qui
297 1182 437 1221 sacramento
446 1174 549 1221 dixerant
555 1190 563 1233 3
580 1181 604 1221 et
613 1174 731 1229 exmeitus,
743 1178 792 1237 qui

102 1241 218 1287 'Arimini
238 1236 364 1301 pestilentia
380 1238 472 1287 affectus
491 1246 546 1292 erat,
566 1239 658 1285 domum
674 1240 787 1294 dimissus.

121 1304 183 1359 Istri,
195 1304 284 1366 magnis
298 1303 367 1365 copiis
384 1320 436 1351 cum
451 1311 524 1350 castra
533 1304 593 1349 baud
602 1304 681 1364 procul
690 1306 791 1355 consulis

120 1370 199 1417 castris
209 1370 321 1422 haberent,
334 1376 452 1429 postquam
460 1368 554 1415 alterum
562 1368 677 1415 massalem
688 1385 741 1422 cum
747 1386 790 1419 ex-

119 1435 191 1483 ercitu
201 1449 262 1481 novo
273 1433 389 1481 advenisse
404 1433 528 1485 audierunt,
546 1433 629 1495 passim
643 1433 667 1479 in
685 1435 790 1484 civitates

120 1499 198 1561 dilapsi
214 1506 280 1545 sunt:
300 1498 403 1545 consulas
414 1498 541 1559 Aquileiam
552 1499 576 1544 iu
586 1497 678 1546 hiberna
686 1499 792 1562 legionen

121 1564 265 1611 reduxerunt.
776 1609 779 1613 .

134 1652 136 1655 ·
153 1626 199 1673 VI·
219 1626 301 1675 Sedato
312 1628 402 1674 tandem
414 1626 497 1675 Istrico
507 1628 612 1682 tumultu,
630 1627 790 1678 semila-oom-

119 1692 204 1739 sultum
215 1690 299 1755 factum
310 1699 351 1745 est,
365 1699 390 1739 ut
400 1692 505 1739 consules
515 1694 573 1740 inter
588 1708 613 1740 se
623 1704 788 1757 compararent,

120 1764 171 1803 uter
180 1770 258 1802 eorum
267 1755 296 1801 ad
303 1756 393 1803 comitia
400 1757 501 1804 habenda
508 1756 700 1809 Romamrediret
725 1758 788 1809 com

119 1822 234 1869 &sentem
246 1818 358 1866 Manlium
369 1820 451 1868 tribuni
462 1822 539 1884 plebis,
551 1821 582 1868 A.
593 1820 695 1869 Licinius
707 1823 789 1875 Nerva

119 1893 143 1933 et
154 1882 183 1934 C.
197 1883 299 1947 Papirius
309 1882 408 1939 Turdus,
420 1886 444 1934 in
454 1887 599 1933 concionibus
607 1887 737 1943 lacerarent,
748 1905 790 1937 ro-

118 1951 277 2013 gationemque
298 1950 474 2013 promulgarent,
495 1966 524 1998 ne
542 1951 644 1999 Manliae
667 1960 720 2013 post
737 1954 789 2006 idue

15 2030 19 2038 ·
119 2015 215 2063 Martiae
227 2015 304 2078 (proro
335 2022 365 2063 tae
376 2028 471 2077 namque
479 2016 658 2078 consauibusjam
668 2017 693 2063 iu
702 2033 789 2069 annum

119 2080 241 2142 provinciae
251 2086 315 2127 erant
337 2080 453 2143 imperium
464 2081 576 2135 renueret,
593 2082 625 2127 uti
639 2096 730 2130 oausam
746 2099 794 2133 ex..

119 2145 203 2205 templo
214 2144 293 2199 dicere,
309 2159 361 2191 cum
375 2145 456 2192 abisset
471 2145 610 2207 magistratu,
627 2149 789 2207 posset31huic

120 2208 229 2270 rogationi
248 2206 281 2263 Q,
293 2208 369 2256 AElius
390 2210 479 2272 collega
494 2211 634 2268 intercessit;
653 2213 789 2275 magnisque

117 2270 298 2320 contentionibus
308 2273 409 2327 obtinuit,
422 2289 451 2321 ne
461 2273 601 2337 perterretur.
632 2274 679 2322 Per
688 2292 729 2324 cos
738 2279 788 2327 dies

118 2334 156 2385 Tr.
168 2337 313 2397 Sempronius
327 2338 445 2386 Gracchus
461 2346 485 2387 et
499 2338 529 2385 L.
542 2339 674 2387 Postumius
689 2340 789 2392 Albinus

118 2414 149 2447 ex
160 2399 271 2461 Hispania
283 2402 381 2449 Romam
397 2418 449 2449 oum
458 2397 611 2457 remrtisaent,
623 2412 715 2456 amatus
730 2408 758 2454 iis
772 2424 790 2459 a

118 2462 155 2513 M·
163 2462 249 2513 Titinio
259 2472 355 2527 praetore
366 2466 430 2514 datus
438 2468 461 2514 in
469 2468 519 2515 astla
526 2468 629 2515 Bellonae
639 2469 668 2515 ad
675 2469 788 2520 (limma.

117 2529 158 2577 das
169 2544 210 2581 res,
223 2544 278 2591 quas
288 2531 418 2591 gessissent,
432 2532 620 2594 postulandosque
630 2535 727 2584 honores
738 2551 789 2583 me-

117 2593 180 2655 ritos,
193 2600 216 2644 et
227 2601 252 2643 ut
263 2593 316 2643 Diis
329 2595 490 2643 immortalibus
501 2597 617 2646 haberetur
627 2599 708 2647 bonos.
736 2601 791 2651 Eo,
