1892 2909
182 84 231 138 846
306 79 440 130 T.L1v11
456 79 511 130 Lu.
525 80 605 129 XLV.
624 79 684 130 Car.
698 82 737 126 88·

180 208 251 272 Apud
261 210 393 258 canobon
404 217 506 274 togatam
516 219 539 258 et
549 212 655 259 urbanam
665 210 726 272 priua
737 222 862 272 rersaga·
938 256 939 263 ,

182 280 226 320 tur.
254 273 317 328 Quid
331 273 390 337 apud
404 273 505 329 Quirites
518 275 644 331 Romanos,
662 277 710 323 Ser.
722 275 805 327 Galba,
825 274 862 319 di-

181 339 261 398 ceres?
280 339 318 388 illa
333 342 393 388 enim
410 342 449 388 tibi
464 349 514 388 tota
529 342 614 389 abscisa
629 342 701 388 oratio
716 346 791 386 esset:
817 340 860 384 ‘in

181 404 278 452 statione
293 407 393 452 severius
407 415 430 452 et
444 406 551 454 intentius
565 406 679 463 institisti5
696 405 781 466 vigilie
792 419 862 450 acer-

180 469 230 516 qus
241 478 264 516 et
275 469 403 532 diligentius
414 471 537 518 circumitae
548 480 614 528 sunt;
633 470 706 532 operis
716 470 774 531 plus,
786 484 861 530 quam
938 486 939 491 ¹

180 542 254 588 antea,
269 533 349 588 fecisti,
365 552 417 582 cum
432 536 480 597 ipse
492 537 612 598 imperator
622 542 645 582 et
655 542 747 582 exactor
758 534 862 580 circum-

181 598 241 655 ires3
258 599 336 648 eodem
348 600 384 646 die
394 607 418 648 et
427 601 470 646 iter
484 600 563 654 fecisti,
580 607 603 647 et
615 601 638 645 in
653 601 724 648 aciem
734 613 764 645 ex
774 599 861 645 itinere

180 663 271 710 duxisti.
299 663 337 712 Ne
352 665 461 712 victorem
478 666 566 726 quidem
582 673 604 712 te
619 665 759 726 acquiescere
775 679 861 726 passus

180 735 229 774 est:
252 729 326 775 statim
342 729 370 776 ad
384 730 549 792 persequendos
564 731 641 776 hostes
657 729 727 776 duxit.
757 726 821 776 Cum
835 736 861 775 te

180 789 258 856 praedi
272 793 386 856 partiendi
400 794 534 857 locupletem
549 794 622 842 facere
636 803 719 857 posset,
735 795 859 856 pecuniam

180 857 265 919 regiam
274 859 421 906 translaturus
429 860 452 905 in
461 861 574 922 triumpho
584 867 626 914 est,
639 867 662 907 et
672 860 696 906 In
708 859 813 906 aerarium
823 860 858 906 la-

181 919 264 968 turus’
282 921 343 970 Haec
354 923 413 971 sicut
423 925 451 972 ad
459 925 555 971 militum
563 925 649 972 animoa
658 924 808 971 stimulandos
816 923 859 970 ali-

181 1002 249 1048 quem
268 988 370 1036 aculeum
389 990 477 1043 habent,
499 990 536 1050 qui
555 1005 633 1052 parum
648 990 753 1043 licentiae,
773 1003 858 1052 parum

178 1052 282 1104 ,avaritIae
298 1068 345 1100 suae
361 1054 493 1100 inservitum
508 1063 614 1113 censent;
631 1055 662 1101 ita
677 1055 735 1117 apud
745 1055 858 1116 populum

181 1115 312 1164 murnum
324 1119 380 1165 nihil
389 1119 523 1167 valuissent:
542 1119 588 1180 qui,
604 1127 630 1166 ut
644 1128 721 1167 vetera
735 1127 804 1182 atque
816 1136 858 1166 au-

98 1227 100 1234 ,
180 1181 227 1228 dita
237 1198 251 1229 a
261 1185 388 1244 parentibus
399 1185 445 1230 suis
456 1199 503 1231 non
514 1192 605 1246 repetat,
617 1200 668 1247 quae
679 1184 800 1231 ambitione
812 1185 856 1230 im-
939 1220 940 1223 η

179 1255 307 1310 pecatorum
317 1249 391 1296 clades
402 1257 500 1310 acceptae
510 1250 562 1304 sint,
575 1265 626 1311 quae
637 1250 756 1296 severitate
766 1249 856 1312 imperii
939 1280 940 1287 η

181 1313 281 1358 victoriae
289 1320 367 1374 partae,
378 1315 482 1376 proximo
490 1322 551 1362 certe
559 1312 647 1362 Punico
655 1315 720 1368 bello,
733 1315 786 1376 quid
793 1313 856 1362 inter·

179 1373 217 1424 M.
237 1376 364 1424 Minucium
387 1379 519 1441 magistrum
539 1379 638 1441 equitum
660 1387 683 1426 et
705 1379 738 1434 Q,
757 1378 854 1426 Fabium
939 1372 940 1403 ³

131 1465 134 1470 ·
180 1439 309 1488 Maximum
329 1443 459 1491 dictatorem
478 1444 611 1498 interfuerit,
632 1445 741 1492 meminit.
771 1443 855 1506 Itaque

178 1513 331 1556 accusatorem
342 1507 364 1555 id
378 1511 434 1556 scire
447 1510 554 1572 potuisse,
570 1517 594 1556 et
609 1525 796 1572 supervacaneam
812 1510 854 1557 de·

177 1569 303 1620 sensionem
316 1571 380 1622 Pauli
391 1573 466 1621 fuisse.
494 1574 632 1622 Transeatur
646 1573 675 1622 ad
689 1575 780 1621 alteram
796 1590 854 1622 con·

178 1635 279 1683 cionem:
297 1652 339 1686 nec
351 1638 453 1693 Quirites
463 1656 512 1694 vos,
525 1639 565 1686 sed
573 1640 655 1686 milites
665 1639 742 1686 videor
753 1640 853 1702 appelln-
940 1698 941 1707 ἵ

173 1706 250 1753 ¹turus,
263 1702 282 1748 si
293 1717 376 1750 nornen
384 1705 427 1750 boc
436 1705 515 1752 saltem
524 1706 626 1752 ruborem
635 1704 742 1759 incutere,
754 1713 778 1751 et
787 1721 853 1753 vere·

177 1765 281 1812 cundiam
292 1767 387 1828 aliquam
399 1769 539 1831 imperatoris
550 1769 647 1817 violandi
657 1769 736 1817 afl'erre
746 1770 825 1832 possit.

211 1829 363 1878 XXXVIII.
384 1833 522 1895 “Equidem
534 1835 581 1898 ipse
592 1835 657 1882 aliter
667 1833 761 1882 affectus
772 1835 850 1882 animo

177 1908 236 1949 sum,
254 1896 292 1958 qui
308 1898 367 1960 apud
386 1900 509 1946 exercitum
528 1899 582 1947 mihi
600 1899 663 1962 loqui
680 1900 761 1953 videar,
780 1915 850 1960 quam

172 1960 244 2024 paulo
257 1971 310 2010 ante
325 1977 393 2017 eram,
412 1979 463 2011 cum
479 1965 507 2010 ad
517 1965 604 2026 plebem
616 1965 722 2014 urbanam
734 1965 849 2028 spectabat
940 1992 941 1995 =

176 2027 255 2074 oratio.
291 2026 353 2082 Quid
375 2029 440 2075 etiam
463 2029 543 2084 dicitis,
567 2030 669 2076 milites?
698 2029 789 2091 Aliquis
811 2037 849 2076 est
940 2060 941 2065 =

175 2089 266 2145 Rornae,
284 2100 366 2154 praeter
384 2092 474 2148 Persea,
493 2095 530 2154 qui
545 2095 676 2158 triumphari
692 2095 720 2142 de
737 2094 849 2142 Macedo-

84 2183 91 2188 ·
170 2156 240 2204 ,ninus
251 2157 323 2204 nolit?
340 2165 363 2204 et
378 2173 429 2204 eum
445 2174 491 2204 non
506 2159 584 2206 iisdem
600 2161 703 2207 manibus
713 2160 847 2222 discerpitis,

127 2249 128 2253 =
175 2220 254 2281 quibus
266 2221 405 2270 Macedonas
416 2223 518 2270 vicistis?
530 2223 629 2272 Vincere
639 2241 681 2272 vos
689 2225 846 2288 prohibuisset,

175 2285 196 2330 si
205 2286 321 2345 potuisset,
339 2288 377 2348 qui
388 2289 551 2350 triumphantes
564 2289 650 2337 Urbem
665 2291 722 2337 inire
734 2291 844 2352 probibet.

174 2347 270 2405 ErratIs,
288 2352 376 2406 milites,
395 2353 414 2398 si
432 2354 569 2415 triumphum
589 2355 730 2418 imperatoris
748 2364 846 2411 tantum,

95 2439 103 2445 -
168 2418 197 2468 ,et
215 2427 260 2460 non
276 2416 371 2462 militum
387 2433 477 2479 quoque
493 2426 517 2464 et
532 2420 630 2466 universi
692 2421 723 2467 uli
737 2419 846 2475 Romani,

172 2477 301 2586 estiqundecuq
312 2482 414 2589 cqnsetis.
451 2481 507 2558 Non
524 2484 592 2563 uniuq
606 2436 738 2558 Ιιοορῗαυίί,
775 2485 848 2562 Multi

171 2550 848 2678 inarbt0ttttlttttt‘i‘ttlffttdbsd
