1892 2909
171 142 218 187 sss
276 132 321 185 u.
336 126 423 189 mvn
439 132 494 186 ms·
507 138 576 185 xm.
596 139 656 188 cn».
672 137 709 187 rs

167 266 258 315 rislum:
272 269 351 329 itaque
369 268 439 326 taciti,
456 273 482 315 ut
497 268 566 316 iratos
582 283 631 315 esse
647 268 748 323 sentires,
766 270 836 315 secuti

170 340 223 379 sunl
233 349 329 380 currum.

202 396 273 444 XIV.
292 392 357 446 Dum
368 396 387 443 is
398 398 523 459 triumphus
539 398 568 444 de
582 396 704 461 Liguribus
721 399 834 461 sgebstur,
912 418 919 440 ι

171 460 276 525 Ligures,
292 471 409 526 postquam
424 471 548 517 sensenrns
567 477 613 509 non
630 463 769 509 consularem
787 472 837 509 tan-

171 535 220 573 tum
231 530 353 575 exercitum
365 527 462 574 Romam
478 528 604 581 abductum,
623 527 663 574 sed
679 528 791 589 legionem
809 529 838 574 sb

170 590 207 637 Ti.
223 591 317 641 Claudio
329 592 388 638 Pisis
403 592 523 646 dimissam,
542 592 608 639 soluti
622 598 691 646 metu,
704 593 760 638 olum
771 605 837 639 exer·

171 656 217 703 citu
227 658 317 711 indicto,
336 672 375 719 per
389 662 528 704 transversos
542 658 625 703 limites
636 657 743 718 superatis
753 658 838 703 monti-

170 721 219 775 bus,
235 722 258 767 in
272 736 363 783 osmpos
376 720 483 783 degressi,
499 726 579 783 sgr'um
594 722 749 768 Mutinensem
763 735 837 784 popu-

170 785 217 839 lan,
235 787 351 847 repentino
362 786 446 846 impetu
457 786 567 833 coloniam
578 787 648 848 ipsum
660 793 772 848 ceperunt.
808 784 837 834 lu

170 850 207 895 ubi
219 849 317 897 Romam
334 850 424 897 allatum
438 858 480 904 est,
498 859 588 898 senatus
603 848 632 899 C.
651 849 769 899 Clondium
780 864 837 897 oon-

171 914 241 959 sulem
258 915 350 962 comitis
364 915 436 976 primo
452 931 541 976 quoque
556 920 657 977 tempore
670 916 750 963 bsbere
759 916 837 978 jussit,

172 979 295 1039 creatisque
306 980 329 1025 in
338 994 421 1026 sunum
428 981 600 1041 magistrsn'bus,
611 980 635 1025 in
644 981 779 1043 provinciam
786 980 838 1026 resl-

171 1042 210 1096 ire,
223 1050 246 1090 et
260 1045 370 1092 coloniam
382 1059 411 1091 ex
419 1046 519 1091 hostibus
526 1046 618 1107 eripere.
647 1044 690 1099 Im,
703 1046 736 1091 uli
750 1044 838 1104 censuit

171 1114 268 1163 senatus,
282 1110 371 1157 comitia
385 1110 464 1156 habits
500 1108 612 1157 Consules
625 1110 701 1162 oresti,
719 1108 763 1158 Cn.
777 1108 838 1158 cor.

163 1174 242 1221 'uellus
254 1174 328 1236 Scipio
338 1174 461 1237 Hispallus,
474 1172 507 1227 Q·
516 1173 618 1226 Pennus
629 1175 745 1236 Spurinus.
772 1173 838 1221 Prte-

170 1244 231 1285 tores
249 1238 378 1293 indefecti,
399 1238 435 1285 M.
455 1238 564 1301 Popillius
583 1238 673 1294 Laenss,
693 1238 721 1285 P.
735 1236 837 1286 Licinius

171 1300 274 1357 Crassus,
295 1304 331 1351 Μ.
353 1303 471 1353 Cornelius
486 1304 570 1361 Scipio,
593 1303 622 1350 1,
636 1299 739 1365 Papirius
758 1303 835 1358 Msso,

170 1366 207 1413 M.
221 1368 326 1423 Aburius,
344 1368 373 1415 L.
387 1368 500 1429 Aquillius
511 1369 599 1416 Gallus·
635 1367 663 1417 C·
675 1367 770 1417 Claudio
781 1382 837 1415 eon·

171 1432 213 1477 suli
227 1440 372 1496 prorogatum
388 1434 412 1479 in
427 1448 510 1480 sunum
524 1433 648 1496 imperium,
664 1441 688 1480 et
698 1434 774 1480 Gslh's
783 1449 837 1495 pro-

169 1496 259 1545 vincie:
277 1506 300 1545 et
310 1513 339 1545 ne
350 1496 403 1544 Istri
414 1512 502 1559 qunque
512 1498 578 1552 idern,
587 1498 647 1559 quod
654 1505 678 1545 et
686 1497 791 1560 Ligures,
802 1497 837 1546 fs·

169 1569 252 1616 serent,
266 1564 338 1609 socios
346 1564 442 1609 nominis
448 1561 525 1609 Latini
533 1564 556 1609 in
565 1562 654 1609 Istriam
664 1563 770 1617 mitteret,
780 1575 837 1625 quos

170 1626 276 1689 triumphi
286 1626 353 1674 causi
364 1628 391 1675 de
398 1626 513 1689 provincii
522 1628 656 1675 deduxisset.
691 1626 737 1675 Cn·
749 1624 837 1675 Corne-

168 1688 199 1735 lio
210 1698 233 1737 et
244 1691 276 1745 Q,
287 1691 376 1739 Petillio
386 1693 520 1746 oonsulibus,
532 1709 577 1754 quo
587 1693 623 1739 die
633 1690 787 1755 magistratum
801 1692 837 1738 in-

169 1753 250 1809 ierunt,
262 1756 426 1804 immolantibus
436 1755 453 1805 J
454 1758 491 1805 ovi
502 1758 595 1821 singulis
604 1759 683 1811 bubus,
696 1759 728 1803 uli
735 1756 800 1812 solet,
812 1759 837 1804 in

169 1815 196 1865 el
206 1818 285 1875 hostii,
297 1820 341 1882 quei
352 1821 384 1876 Q,
397 1821 500 1869 Petillios
507 1822 645 1876 sacrificavit,
656 1821 788 1885 injecinore
798 1836 837 1869 os-

163 1890 210 1945 'put
225 1898 270 1931 non
280 1886 404 1933 inventum.
440 1886 469 1934 Id
484 1902 536 1934 cum
552 1888 580 1934 sd
596 1894 697 1934 senatum
714 1887 834 1942 retulisset,

169 1948 227 1997 bove
240 1950 343 2012 perlitare
350 1953 437 2015 Jussus.
473 1951 513 1999 De
527 1952 646 2011 provinciis
656 1952 735 1999 deinde
746 1952 837 1999 eonsul-

165 2020 205 2061 ·tus
214 2022 303 2073 senatus
312 2014 377 2063 Fusus
387 2025 410 2064 et
421 2014 519 2079 Ligures
529 2017 654 2080 provincias
664 2016 790 2063 connrllbus
796 2017 836 2063 de-

169 2081 246 2127 crevit.
283 2078 327 2129 Cui
340 2080 401 2129 Pisae
415 2083 529 2144 provincis
544 2082 678 2137 obvenisset,
696 2088 747 2128 oum
762 2080 837 2144 megl-

169 2150 278 2192 slmtuum
289 2146 434 2193 cresudorum
445 2154 534 2210 tempus
544 2153 610 2200 esset,
616 2146 644 2193 sd
654 2146 744 2193 comitis
753 2145 836 2193 reversi

164 2208 239 2271 jussit.
261 2210 369 2257 Additum
380 2211 476 2266 decreto,
488 2220 514 2258 nt
521 2213 583 2259 binss
590 2212 692 2273 legiones
702 2226 772 2258 novus
781 2210 836 2257 sori-

168 2272 252 2328 berent,
268 2282 292 2321 et
308 2283 410 2323 trecenos
427 2276 526 2338 equitem
543 2284 567 2324 et
582 2277 639 2323 dens
654 2276 723 2323 minis
736 2276 836 2339 perlitum

160 2336 471 2467 ‘llllillissll’
483 2349 507 2453 ῗ
518 2340 837 2469 ”imiimi

265 2434 291 2479 ,q
375 2470 381 2483 .
403 2422 417 2483 r
441 2422 485 2469 ogs
495 2422 533 2453 um
601 2472 607 2485 .
666 2422 681 2453 ιι
860 2434 865 2441 =

167 2480 274 2577 pui'rir'f⁰
279 2483 509 2601 subilli?
508 2473 546 2583 {¹1¹¹
544 2480 711 2600 lilii„
722 2533 766 2585 c,
776 2530 837 2584 co,

167 2594 246 2655 nelius,
258 2604 364 2645 evocatus
375 2600 490 2657 asistere,
503 2617 554 2648 oum
565 2602 759 2666 temploegrsssus
767 2606 836 2654 esses,

159 2661 233 2721 ‹panlo
243 2668 295 2725 post
310 2662 374 2711 rediit
389 2664 483 2715 confuso
494 2667 565 2722 vultu,
583 2673 607 2715 et
616 2666 721 2730 exponit
731 2664 836 2714 Pstn'ous
