1892 2909
173 106 220 159 562
283 109 312 157 Τ.
326 105 415 156 LIVII
430 108 484 159 Lm
499 108 592 157 XLIV.
612 106 672 159 Car.
687 112 724 159 id·
822 112 825 119 “

171 242 227 287 tium
243 253 312 287 nares
324 238 507 301 enumerent,
525 239 575 301 ipsi,
589 236 767 293 mmumnoete,
784 237 840 301 tiraq
943 228 944 271 i

171 304 223 367 plici
239 304 323 358 ordine,
341 319 408 364 quam
424 310 527 365 poterant
541 304 643 365 proxime
657 303 710 349 litua
726 306 839 361 teuente'q
943 318 944 325 ¹

171 367 283 415 intritum
292 370 377 415 urbem.
404 367 482 430 Hujus
495 368 548 415 novi
557 367 653 430 presidii
662 366 723 414 fama
732 367 841 414 absistere

173 433 339 495 oppugnatione
350 432 416 479 timul
423 432 540 481 Romame
551 446 671 493 regemque
681 432 763 494 eo'e'git
786 430 847 481 eu:

77 542 83 547 .
173 498 285 545 cumreeti
297 497 481 560 promontorium,
499 497 527 545 ad
539 495 647 543 Toronen
662 496 754 543 classem
769 510 841 557 appu-

173 562 255 609 lerunt
284 560 344 609 Eam
363 576 451 622 quoque
469 576 598 623 oppugnare
615 560 692 613 adorti,
713 560 750 607 ubi
767 556 842 607 validi
943 612 944 625 p

174 626 262 673 defendi
271 640 339 673 manu
349 622 559 679 animadverterunt,
573 624 636 671 irrito
650 625 739 687 incepto
752 623 841 671 Deme-

174 691 267 737 triadem
278 698 364 752 petunt.
383 688 418 736 Ibi
426 705 477 736 cum
486 690 684 751 appropinquantes
692 690 775 751 repleta
781 702 843 735 mte-
943 714 944 729 ι

86 749 88 756 '
175 756 213 801 nia
223 756 312 801 armatis
326 754 440 808 vidissent,
457 755 597 816 praetervecti
611 755 639 800 ad
654 752 733 800 Ioloou
747 754 843 799 classem
883 792 885 799 .
943 758 944 805 i

175 819 321 894 appulerunt3
333 819 394 871 inde,
406 832 462 880 agro
471 825 566 872 vastato,
578 816 746 865 Demetriadem
754 830 844 879 quoque

176 896 365 1022 agqqslspninw
374 948 431 1000 bec,
443 954 467 995 et
478 948 563 1001 consul,
575 962 604 995 ne
614 947 689 1011 segnis
698 947 784 995 sederet
791 952 843 995 tan·

176 1018 226 1057 tum
235 1026 260 1056 rn
270 1026 326 1073 agro
336 1012 430 1065 hostico,
443 1012 480 1059 Μ.
493 1012 612 1075 Popiliium
623 1027 674 1058 cum
685 1012 783 1072 quinque
792 1012 845 1057 mil-

176 1076 234 1123 libus
244 1076 339 1123 miiitum
350 1077 378 1123 ad
388 1076 519 1125 Meliboeam
527 1076 603 1123 urbem
612 1076 782 1138 oppugnandam
790 1077 845 1123 mit·
943 1068 944 1085 ¹

177 1140 212 1187 tit.
240 1141 288 1187 Sita
297 1150 333 1188 eat
342 1142 365 1187 in
376 1142 485 1188 radicibus
498 1140 564 1188 Ossae
578 1141 668 1194 montis,
685 1138 729 1200 qui
742 1146 806 1201 parte
818 1140 843 1185 in

176 1204 315 1253 Thessaliam
326 1205 406 1268 vergit,
419 1212 543 1267 opportune
552 1205 671 1251 imminens
682 1219 747 1266 super
755 1202 844 1251 Deme-

176 1270 277 1316 trIadem.
305 1269 395 1317 Primus
412 1270 521 1317 adventus
537 1270 634 1316 hostium
649 1269 744 1331 perculit
758 1269 844 1317 incolas
943 1284 944 1295 ³

177 1335 235 1381 loei:
259 1334 357 1382 collectis
373 1334 452 1381 deinde
466 1348 497 1381 ex
512 1334 642 1395 neqopinato
657 1349 739 1396 pavore
754 1334 843 1387 animis,

178 1398 305 1446 discurrunt
318 1400 397 1445 armati
411 1399 527 1461 adportas
542 1412 567 1445 ae
581 1398 671 1451 moenia,
690 1396 733 1458 qui
747 1398 846 1459 surpeeti
943 1444 944 1451 ἶ

178 1464 251 1511 aditus
261 1470 337 1511 erant:
356 1478 463 1525 spemque
471 1463 584 1525 extemplo
594 1462 725 1515 inciderunt,
740 1462 788 1523 capi
799 1463 846 1523 pri-

178 1539 217 1575 mo
228 1529 311 1590 impetu
322 1542 394 1590 posse.
419 1527 511 1574 Obsidio
523 1528 593 1589 igitur
605 1528 728 1589 parabatur,
745 1534 768 1573 et
778 1542 847 1587 opera

178 1594 369 1655 oppugnationum
382 1590 430 1637 fieri
442 1598 523 1653 coeptq
553 1589 657 1645 Perseus,
675 1605 727 1637 eum
739 1590 844 1645 audisset,

151 1678 153 1680 >
179 1658 245 1704 simul
256 1656 386 1703 Meliboeam
397 1670 411 1701 a
420 1656 518 1703 consulis
528 1656 626 1717 eremita
637 1655 766 1717 oppugnari,
779 1654 847 1701 amati

180 1719 845 1781 desseinIolcistare,utindeDemetriademtrggrederetur‚
943 1760 944 1767 ,

179 1783 350 1846 Euphranorem
360 1784 478 1844 quemdam
490 1799 518 1831 ex
529 1784 619 1835 ducibus
630 1799 681 1831 oum
692 1784 783 1831 delectis
790 1784 847 1830 duo-

179 1851 222 1896 bus
232 1849 327 1895 millibus
337 1848 469 1896 Meliboeam
479 1849 554 1896 mittit.
572 1848 654 1895 Eidem
661 1848 800 1909 imperatum,
813 1855 846 1901 ut,

180 1916 199 1961 ti
215 1930 229 1961 a
244 1910 352 1960 Meliboee
368 1913 516 1960 submovisset
532 1913 656 1967 Romanoa,
676 1910 846 1959 Demetriadem

72 2015 76 2021 .
179 1981 241 2042 priua
252 1978 340 2025 occulto
350 1978 429 2028 itinere
438 1979 538 2029 intraret,
550 1992 616 2038 quam
627 1978 654 2025 ab
662 1976 762 2023 lolooad
769 1977 847 2023 urbem

181 2052 254 2091 eastra
264 2050 380 2090 moverent
390 2042 496 2090 Romani.
515 2042 548 2090 Et
558 2044 585 2089 ab
596 2042 784 2105 oppugnatoribus
792 2040 848 2089 Me-

180 2110 262 2162 hboeae,
277 2124 328 2154 eum
342 2108 366 2153 in
379 2108 526 2169 superioribus
537 2107 593 2153 loeis
603 2114 694 2169 repente
703 2107 847 2168 apparuisset.

182 2188 234 2220 cum
248 2173 393 2234 trepidatione
408 2170 480 2219 multi
494 2171 570 2219 relicta
586 2187 652 2234 opera
669 2178 728 2224 sunt,
745 2170 850 2231 ignisque

181 2238 290 2299 injectus:
309 2238 340 2283 ita
354 2234 488 2283 aMeiiboei
499 2238 624 2283 abseessum
636 2242 676 2282 est.
703 2234 847 2296 Euphranor,

183 2300 257 2347 soluti
267 2301 332 2347 unius
346 2302 406 2347 urbis
420 2301 540 2355 obsidione,
556 2300 725 2349 Demetriadem
737 2299 849 2361 extemplo

183 2365 258 2410 ducit:
277 2380 319 2410 nec
330 2372 378 2411 tum
387 2365 472 2412 moenia
483 2367 556 2420 modo,
573 2366 612 2413 sed
622 2380 689 2427 agros
703 2364 777 2416 etiarn,
795 2377 849 2409 oon-
943 2386 944 2395 π

182 2427 279 2473 fiderunt
290 2430 524 2490 serpopulationibus
535 2432 591 2477 tueri
601 2444 679 2491 posse;
692 2435 716 2475 et
723 2427 853 2489 emptiones
943 2420 944 2439 ¹

183 2493 208 2536 in
224 2506 294 2553 vagos
307 2493 458 2555 populatores,
476 2510 521 2541 non
538 2495 586 2542 sine
600 2493 728 2545 vulneribus
742 2491 849 2543 boatium,
943 2496 944 2509 ¹

183 2554 249 2601 iaetae
264 2565 324 2603 mut
351 2555 501 2605 OEroumveoti
517 2568 591 2606 tamen
606 2558 690 2605 nroenia
704 2563 757 2604 aunt
766 2562 851 2617 praetor

185 2626 209 2666 et
223 2634 269 2672 rex,
287 2622 354 2667 situm
369 2621 428 2667 uriu'a
440 2624 625 2686 eontemplantea,
642 2624 660 2669 si
675 2619 718 2683 qui
728 2626 852 2683 perteten-
