1892 2909
243 95 272 143 r.
285 70 371 145 mvn
387 94 440 151 La
453 96 509 160 up
528 95 641 147 craso.
722 87 777 149 'ro

114 222 192 283 essetss
208 226 264 271 alter
276 226 299 271 in
313 225 414 273 datram
427 233 513 287 partem
527 240 597 288 usque
607 226 635 273 ad
645 224 778 283 Manutius,

113 291 198 337 hum
209 290 264 335 alter
273 291 381 351 usquead
392 290 492 345 Barium,
502 296 609 337 tueretur.

148 352 223 399 XIX.
237 352 342 416 Prodigia
351 354 422 401 multa
430 353 713 403 foedaetRomoeeoanno
722 356 778 411 vias,

114 428 140 465 et
150 418 251 465 nuntiata
260 434 359 481 peregre.
395 417 424 464 In
437 416 489 465 arei
503 419 600 466 Vulcani
612 426 636 466 et
646 416 780 468 Concordiae

115 482 249 543 sanguinem
262 482 333 544 pluit;
350 490 373 531 et
386 481 501 544 pontifices
515 484 590 530 hastas
603 491 676 530 motas
690 485 779 532 nuntia-

114 544 178 599 vere,
195 554 218 593 et
229 545 325 593 Lanuvii
335 548 477 594 simulacrum
485 546 583 596 Junonis
597 548 693 610 Sospitae
707 550 780 609 lacry-

115 608 203 657 mrisse:
223 618 246 657 et
260 611 384 673 pestilentia
397 612 420 657 in
435 612 501 673 agris,
517 612 622 673 forisque,
639 620 663 659 et
676 613 779 659 eoncilia-

113 674 181 728 bnlis,
197 680 223 720 et
231 676 255 719 in
267 674 331 722 Urbe
340 682 402 723 tanta
411 683 465 728 erat,
477 684 503 722 ut
513 673 610 723 Libitina
619 683 674 723 tunc
683 678 722 723 rix
732 677 780 723 srd-

114 738 201 784 iieeret.
236 738 282 785 His
296 739 631 802 prodigiis'cladibusque'anxii
646 740 724 787 Patres
739 742 779 787 de-

112 800 243 856 creverunt,
254 810 312 850 utet
323 805 431 857 consules,
444 805 522 865 quibus
533 803 586 851 Diis
596 806 713 859 videretur,
726 807 778 852 hos-

114 868 154 913 siis
164 868 282 929 majoribus
292 868 446 923 sacrificarent,
458 875 482 915 et
488 870 606 916 &omnuim
612 870 680 916 libros
685 871 779 918 adirent.

114 931 205 979 Eorum
216 932 304 979 decreto
315 934 443 995 supplicatio
454 934 512 979 circa
519 934 594 980 omnia
599 934 721 995 pulvinaria
728 935 778 981 Ro-

114 1010 162 1041 mae
170 996 195 1041 iu
206 995 263 1042 diem
278 1011 347 1043 unum
361 998 442 1044 indicta
452 1004 493 1043 est.
528 996 610 1044 Iisdem
620 1000 744 1045 auctoribus
755 1006 779 1047 et

115 1066 207 1107 smratus
217 1061 310 1115 censuit,
327 1068 351 1107 et
364 1062 466 1109 consules
477 1061 598 1116 edixerunt,
615 1069 641 1109 ut
654 1079 693 1124 per
706 1072 778 1110 totam

116 1122 207 1170 ltaliam
221 1125 318 1171 triduum
333 1127 461 1187 supplicatio
478 1132 501 1172 et
513 1125 575 1172 feriae
588 1134 670 1173 essent.
704 1126 778 1173 Pesti-

114 1188 193 1235 lentiae
208 1196 269 1236 tauta
286 1191 321 1236 vis
339 1197 393 1244 erat,
410 1198 442 1244 ut,
460 1206 511 1236 cum
526 1197 615 1252 propter
630 1190 777 1238 delectionem

115 1250 248 1307 corsorum,
270 1254 396 1314 bellumque
415 1256 442 1301 ab
461 1253 732 1302 Iliensibusconeitamm
753 1257 778 1301 in

115 1316 226 1370 Sardiniis,
238 1325 290 1363 octo
300 1318 368 1365 millia
377 1320 474 1380 peditum
484 1333 514 1366 ex
521 1319 587 1365 sociis
596 1318 673 1366 Latini
682 1321 778 1366 nominis

116 1382 182 1427 scribi
199 1382 323 1442 placuisset,
341 1390 363 1429 et
379 1390 490 1431 trecentos
506 1384 597 1444 equites,
615 1399 671 1444 quos
686 1384 723 1431 M.
737 1384 777 1430 Pi-

116 1446 192 1491 narius
202 1454 285 1506 praetor
299 1462 374 1493 secum
384 1448 407 1493 in
419 1448 541 1495 Sardiniam
556 1448 673 1510 traiioeret
690 1455 777 1494 tantum
864 1501 867 1512 1

115 1509 232 1555 hominum
247 1512 385 1558 demortuum
396 1528 451 1567 esse,
468 1520 555 1559 tanturn
566 1513 646 1573 ubique
656 1525 776 1574 aegrontm,

116 1574 220 1620 consules
234 1575 414 1631 renuntiaverint,
431 1584 456 1623 ut
466 1577 486 1623 is
496 1592 602 1624 numerus
615 1577 672 1623 effici
682 1578 776 1623 militum

115 1640 469 1765 institeritis
481 1640 776 1768 &libii-‘'dliissd

115 1764 160 1821 tor,
178 1775 243 1828 atque
256 1769 307 1815 inde
320 1769 344 1814 in
356 1770 478 1817 Sardiniam
488 1772 594 1833 trajicere.
628 1769 657 1816 L
670 1770 776 1818 Duronio

115 1833 213 1892 praetori,
232 1833 266 1878 cui
285 1834 397 1894 provincia
415 1834 498 1897 Apulia
515 1842 626 1888 evenerat,
646 1835 777 1897 adjecta'de

116 1894 290 1943 Bacchanalibus
309 1899 403 1957 quaetio
421 1907 468 1957 est;
488 1901 551 1961 cujus
569 1899 655 1945 residua
674 1900 776 1959 quaedam

116 1960 180 2005 velut
190 1961 273 2008 semim
283 1976 312 2007 ex
326 1964 433 2023 prioribus
446 1964 510 2010 malis
520 1965 568 2025 jam
581 1963 655 2025 priore
668 1978 727 2009 auno
737 1978 776 2023 sp-

116 2032 247 2085 paruerant:
272 2026 311 2072 sed
331 2028 403 2089 magis
423 2029 533 2075 inchoatae
553 2027 612 2089 apud
630 2025 660 2072 L.
679 2026 776 2087 Pupium

116 2095 235 2150 praetorem
249 2090 383 2151 quaestiones
398 2100 468 2147 erant,
483 2107 550 2153 quam
563 2093 591 2138 ad
608 2090 692 2142 exitum
706 2091 776 2136 ullum

116 2152 236 2213 perductae.
270 2153 299 2200 Id
313 2171 426 2217 persecare
442 2171 526 2204 novum
541 2163 665 2218 praetorem,
685 2170 715 2201 ne
730 2170 778 2201 ser-

117 2225 180 2278 peret
195 2218 276 2265 iterum
289 2218 361 2273 latius
377 2220 456 2267 Patres
467 2223 588 2283 jusserunt
623 2220 656 2267 Et
672 2220 734 2281 leges
747 2220 776 2265 de

117 2283 201 2393 affin
217 2284 318 2331 consides
332 2298 361 2331 ex
377 2285 508 2332 auctoritate
523 2282 613 2332 senatis
629 2284 657 2331 ad
670 2284 776 2347 populum

117 2352 128 2391 t
191 2354 224 2393 nt.

121 2440 123 2445 .
147 2410 207 2457 XX.
220 2409 354 2475 Legationes
365 2413 443 2461 deinde
449 2414 473 2459 in
481 2420 582 2461 senatum
591 2412 776 2471 introduxerunt3

115 2490 195 2537 regum
205 2478 293 2537 primas,
304 2477 420 2531 Eumenis,
432 2485 455 2524 et
462 2478 585 2524 Ariarathis
596 2475 740 2539 Cappadocis
752 2484 776 2523 et

116 2538 237 2587 Pharnacis
245 2540 345 2588 Pontici:
360 2557 401 2589 nec
409 2543 466 2589 ultra
476 2542 594 2603 quidquam
604 2542 636 2587 eis
646 2554 776 2602 responsum

116 2612 159 2661 ast,
181 2620 246 2665 quam
268 2606 384 2660 missuros,
407 2606 675 2667 quide-controversis
699 2616 776 2653 eorum
