1892 2909
243 490 284 556 Τ.
300 490 418 556 LIVII
445 489 675 559 PATAVINI

157 672 262 724 LIBER
280 676 583 733 QUADRAGESIMUS
600 678 758 730 TERTIUS.

158 953 179 1000 1.
198 944 293 1001 nim
304 963 389 1010 aestate
400 954 444 1018 quii
453 957 478 1002 in
488 956 605 1005 Theeraiid
614 958 711 1019 equestri
718 954 796 1021 pugni

125 1016 202 1065 vidire
215 1017 321 1072 Romani,
338 1021 432 1083 legatae,
449 1022 474 1067 in
489 1020 605 1083 Illyricum
615 1038 630 1070 a
639 1024 731 1071 consule
741 1024 795 1070 mis-

126 1098 173 1135 sua,
187 1081 294 1144 opulenta
303 1083 348 1130 duo
358 1086 438 1147 oppida
447 1087 470 1133 vi
481 1093 548 1148 etque
558 1088 626 1134 armis
637 1089 712 1150 coegit
722 1089 745 1133 in
756 1087 795 1134 de-

125 1147 232 1193 ditionem
238 1164 247 1205 ;
271 1150 389 1210 omninue
404 1150 432 1197 iia
451 1166 492 1197 sua
508 1152 625 1206 concessit,
647 1160 672 1199 ut
691 1152 795 1215 opinione

125 1212 251 1273 elementiae
261 1228 308 1268 eoa,
324 1216 362 1275 qui
374 1212 513 1263 Carnuntem
525 1217 634 1263 munitam
645 1217 721 1263 urbem
732 1216 795 1264 inco-

123 1276 323 1341 iebautallieeret.
343 1278 467 1341 Postquam
479 1296 527 1335 nec,
540 1288 566 1327 ut
576 1281 682 1331 dederent
689 1296 720 1335 ae,
733 1296 796 1327 cnm-

124 1342 213 1403 pellere,
231 1357 304 1403 neque
318 1359 396 1406 capere
411 1345 533 1393 obsidendo
546 1352 649 1408 poterat3
669 1359 697 1392 ne
710 1345 796 1391 duabua

125 1406 328 1468 oppugnationibus
346 1409 494 1471 nequidquam
515 1408 622 1472 fatigatus
643 1409 707 1456 milas
728 1416 795 1463 esset,

124 1486 181 1531 quaa
198 1470 259 1531 priua
273 1471 367 1521 intactae
382 1475 448 1521 urbes
464 1475 588 1537 reliquerat,
606 1474 702 1536 diripuit.
729 1474 797 1521 Alter

125 1534 205 1582 consul
217 1534 245 1585 C·
258 1534 350 1585 Caesius
360 1553 402 1586 nee
412 1540 435 1585 in
451 1538 533 1594 Gallii,
552 1555 618 1601 quam
634 1538 725 1586 sortitur
739 1546 795 1593 erat,

95 1658 98 1662 ¹
125 1601 269 1649 motabile
279 1603 399 1663 quidquam
409 1606 495 1666 geneit3
510 1612 581 1667 etper
592 1603 707 1666 Illyricum
716 1603 797 1655 ducere

72 1659 77 1673 “
125 1665 227 1727 legiones
245 1666 268 1714 in
287 1666 446 1715 Maeedoniam
461 1684 521 1717 vano
537 1670 626 1731 incepto
642 1675 677 1717 eat
693 1674 797 1717 coninua:

94 1743 96 1748 ·
125 1726 259 1792 Ingreesum
273 1732 317 1779 hoc
331 1732 373 1779 iter
387 1735 503 1781 eonsulem
518 1742 609 1781 senatur
623 1748 652 1781 ex
665 1734 797 1795 Aquileien-

124 1794 184 1841 aium
194 1795 276 1857 legetis
285 1798 408 1859 eognovit3
423 1799 470 1859 qui,
483 1805 602 1860 querentes
612 1798 722 1846 coloniam
733 1814 797 1847 ruam

125 1874 208 1907 noram
218 1867 242 1907 et
252 1859 372 1919 infimam,
387 1863 484 1910 nendum
495 1863 547 1909 satir
558 1862 674 1917 munitam,
689 1864 748 1911 inter
761 1864 797 1910 iu·
864 1860 866 1870 '

124 1923 195 1973 festae
205 1924 307 1973 natione·
319 1924 430 1973 latrorum
440 1925 604 1989 etlllyriorum
617 1942 675 1982 eene,
691 1943 743 1975 eum
757 1943 798 1989 pe·

22 1994 28 2001 ’
125 1996 206 2044 terent,
218 1998 244 2037 ut
254 1998 346 2037 tenatur
356 2006 417 2039 curte
431 1992 529 2046 inbuet,
544 1992 658 2054 quomodo
668 2007 696 2039 ea
710 1992 798 2039 colonia

125 2054 258 2109 muniretur,
274 2055 413 2118 interrogafi,
428 2056 541 2103 vellentne
555 2072 605 2105 eam
616 2071 664 2104 rem
676 2054 704 2105 C·
717 2054 797 2105 caeno

65 2142 70 2151 ·
126 2118 213 2165 oomni
224 2120 341 2167 mandari?
358 2121 527 2183 responderunt,
541 2119 652 2175 Caesium,
669 2120 797 2182 Aquileiam

124 2182 210 2229 indicto
220 2184 327 2239 exercitu,
339 2185 464 2248 proiectmn
474 2201 515 2249 per
526 2185 642 2247 Illyricum
653 2186 676 2232 in
687 2185 798 2233 Macedo-

125 2247 186 2294 niam
201 2262 258 2295 eure.
284 2248 322 2297 Eu
334 2265 370 2297 ree
380 2251 452 2313 primo
462 2251 596 2309 incredibilia
606 2252 668 2299 vient
687 2257 709 2298 et
720 2266 761 2313 pro
772 2267 798 2299 ee

124 2313 220 2373 quiaque
230 2312 326 2369 credere,
340 2312 421 2363 carnia
431 2315 525 2363 forsitan
533 2324 572 2363 aut
583 2314 649 2363 Ietn'e
658 2316 741 2364 bellum
749 2316 798 2365 illa·

117 2375 182 2425 'tum
210 2375 272 2424 Tum
282 2377 445 2440 Aquileienses,
458 2381 514 2427 nihil
524 2396 549 2427 ee
560 2381 618 2428 ultra
628 2381 691 2436 scire,
703 2396 746 2429 nee
756 2396 798 2428 au-

124 2441 177 2489 dere
187 2442 305 2497 affirmare.
320 2459 388 2505 quam
399 2446 492 2507 triginta
502 2444 588 2493 dierum
601 2443 739 2495 framentum
754 2446 798 2492 mi-

123 2506 157 2553 liti
167 2506 260 2565 datum3
277 2516 301 2555 et
311 2508 386 2564 dueee,
398 2510 436 2571 qui
447 2525 477 2557 ex
488 2508 554 2558 Itaiii
563 2510 643 2559 itinera
653 2511 676 2558 in
688 2510 798 2558 Macedo-

124 2571 184 2620 niam
204 2568 304 2628 ndaeent.
325 2574 463 2636 ennquiaitoe
482 2576 639 2637 abductosque.
673 2574 798 2623 Enimvero

124 2644 215 2685 tenatur
226 2637 344 2702 indignari,
361 2648 448 2688 tantum
464 2641 579 2691 consulem
594 2654 681 2697 aurum,
698 2647 723 2688 ut
734 2652 797 2687 sunm
