1892 2909
114 92 145 137 88
244 89 274 137 T.
288 88 376 135 LIVII
393 87 444 135 Lra.
461 86 516 134 XL.
535 86 595 135 Car.
609 90 649 136 29.

112 220 157 267 tius
169 217 235 265 Istra.
271 218 374 265 siccitate
380 225 407 279 et
417 215 493 278 inopii
501 215 592 279 frugum
603 216 698 278 insignis
707 228 783 266 annus

111 282 161 329 sirit.
197 284 243 329 Sex
256 298 344 329 menses
361 296 474 342 nunquam
490 282 580 342 pluisse,
598 282 713 328 memoriae
726 295 783 343 pro-

53 344 57 352 '
112 348 183 393 ditum
196 354 237 393 est.
272 346 361 393 Eodem
378 362 436 393 anno
452 346 477 391 in
490 362 545 407 agro
560 345 589 391 L.
604 345 686 393 Petillii
700 348 783 393 senbae

112 413 153 457 sub
163 410 180 459 J
180 412 274 464 aniculo,
290 411 344 457 dum
358 411 454 457 cultores
466 412 515 472 agri
526 411 592 457 altius
601 411 724 457 moliuntur
733 418 783 456 ter-

112 490 167 529 ram,
184 476 234 523 duae
244 476 337 537 lapideae
351 490 416 529 arcae,
432 474 607 521 octonos'ferme
616 476 683 537 pedes
693 475 780 536 longae,

111 547 230 600 quaternos
247 542 306 594 latre,
322 541 421 586 inventae
437 547 496 591 sunt,
514 540 623 601 opermlis
634 540 726 602 plumbo
740 539 783 586 de-

111 605 199 651 vinctis.
236 604 318 652 Literis
333 603 421 651 Latinis
435 605 567 663 Graecisque
579 611 673 665 utraque
683 618 734 651 aros
744 603 782 649 in-

112 670 194 731 scripta
203 678 264 725 erat3
278 669 301 714 in
312 667 381 715 alteri
391 667 492 714 Numam
500 667 643 729 Pompilium,
656 668 783 729 Pomponio

111 732 188 786 lilium,
205 749 281 795 regem
296 733 458 785 Romanorum,
474 733 585 793 sepultum
596 748 660 789 esse3
676 733 700 777 in
710 729 783 778 alteri

111 797 179 843 libros
198 796 283 843 Numae
302 796 406 855 Pompilii
425 797 504 841 inesse.
540 795 588 841 Eas
604 811 666 843 areas
681 811 734 842 eum
750 810 783 843 ex

113 862 235 907 amicorum
247 858 356 907 sententiri
366 858 469 905 dominus
483 861 611 920 apenrisset,
626 876 677 920 quae
690 860 784 907 titulum
799 898 803 913 .

114 925 193 986 sepulti
205 925 264 985 regis
274 925 385 977 habuerat,
402 923 473 969 inanis
483 923 581 977 inventa,
597 925 646 971 sine
655 924 703 970 ullo
711 925 785 971 vesti-

112 990 151 1051 gio
162 989 259 1050 corporis
278 988 375 1041 humani,
396 994 435 1033 aut
451 988 519 1033 ullius
534 989 583 1044 rei;
602 1004 643 1049 per
657 990 731 1035 tabern
747 995 785 1035 tot

111 1068 221 1099 annorum
240 1053 342 1099 omnibus
360 1051 482 1099 absumtis:
507 1052 531 1097 in
549 1050 619 1099 alteri
636 1053 681 1100 duo
698 1052 781 1107 sesnes,

111 1118 208 1165 candelis
215 1118 316 1171 involuti,
326 1124 428 1177 septenos
436 1113 533 1162 habuere
538 1117 613 1170 libros,
625 1131 672 1164 non
679 1117 783 1179 integros

112 1183 187 1235 ruodo,
207 1182 247 1229 sed
265 1178 416 1228 recentissimi
434 1181 515 1242 specie.
549 1181 641 1242 Septem
659 1180 736 1227 Latini
752 1182 782 1229 de

108 1247 161 1310 jure
174 1246 288 1309 pontificio
302 1253 379 1303 erant3
397 1253 482 1307 septem
493 1246 570 1292 Graeci
581 1246 609 1292 de
619 1244 734 1307 disciplini
743 1262 782 1295 sa·

110 1311 207 1371 pientiae,
219 1326 270 1371 qnae
281 1312 338 1357 illius
350 1310 421 1357 aetatis
432 1324 482 1356 esse
491 1310 571 1372 potuit
601 1310 686 1372 Adjicit
696 1311 780 1367 Antias

111 1374 222 1429 Valerius,
239 1374 402 1436 Pyuagoncos
411 1374 488 1428 fuisse,
503 1375 602 1435 vulgatae
612 1375 717 1436 opinioni,
734 1374 780 1436 qua

110 1440 214 1494 creditur,
230 1440 368 1502 Pythagorae
378 1440 501 1487 auditorem
510 1438 580 1486 srdsse
590 1438 698 1494 Numam,
714 1456 779 1487 mea-

111 1504 173 1551 dacio
184 1506 289 1566 probabili
299 1502 465 1551 accommodati
475 1503 525 1550 fide
560 1502 638 1550 Primo
652 1506 680 1551 ab
691 1505 778 1559 amicis,

111 1570 182 1630 quiin
195 1586 219 1616 re
233 1569 337 1631 praesenti
350 1570 447 1621 suerunt,
463 1569 512 1614 libri
527 1568 591 1615 lecti:
610 1584 664 1615 mox
678 1568 779 1631 pluribus

109 1634 234 1695 legentibus
249 1649 300 1680 cum
314 1635 466 1697 vulgarentur,
484 1632 515 1687 Q.
526 1631 635 1687 Petillios,
642 1642 727 1696 praetor
740 1649 779 1681 ur-

109 1694 187 1752 banus,
200 1699 311 1745 studiosus
319 1699 414 1760 legendi,
426 1713 465 1745 eor
475 1698 543 1744 libros
552 1714 567 1744 a
576 1697 606 1743 L.
615 1697 705 1745 Petillio
716 1714 780 1745 sirm-

110 1763 150 1809 rit:
168 1770 191 1809 et
201 1770 249 1809 erat
258 1762 370 1809 familiaris
378 1778 438 1816 usus,
450 1762 510 1823 quod
518 1763 610 1809 scribam
619 1778 671 1809 euru
679 1770 780 1825 questor

111 1826 256 1881 Q,Petillius
261 1827 290 1882 jn
301 1828 411 1874 decuriam
421 1828 513 1889 legerat.
542 1826 705 1874 lentisremm
716 1843 780 1875 sum-

109 1892 159 1945 mis,
180 1907 231 1939 curn
249 1891 446 1946 animadvertisset,
465 1892 570 1953 pleraque
588 1892 780 1940 dissolvendarum

109 1954 243 2019 religienum
254 1972 309 2011 esse,
322 1956 351 2003 L.
361 1956 450 2003 Petillio
461 1956 523 2011 dixit,
537 1963 554 1985 ‘⁴
562 1956 617 2003 Sese
626 1972 666 2004 eos
676 1958 744 2004 libros
753 1957 780 2005 in

109 2022 185 2083 ignem
197 2023 349 2085 conjecturum
363 2036 424 2069 esse:
443 2022 513 2083 priua,
529 2036 595 2081 quam
610 2021 633 2066 id
646 2020 737 2076 faceret,
752 2038 779 2069 ae

110 2087 131 2132 ei
141 2087 275 2147 pemittere,
288 2087 327 2140 uti,
340 2087 358 2132 si
369 2086 429 2148 quod
440 2087 524 2147 seujus
535 2100 575 2131 seu
585 2086 691 2133 auxilium
702 2102 728 2133 se
737 2087 778 2133 ba-

108 2152 160 2197 bere
171 2152 199 2197 ad
209 2166 248 2197 eos
258 2151 325 2197 libros
333 2150 463 2212 repetendos
471 2149 615 2204 existimaret,
626 2151 775 2213 experirenrr:

107 2215 131 2260 id
141 2213 230 2276 integri
241 2212 281 2261 sui
287 2213 360 2276 gralli
368 2230 419 2261 eurn
429 2212 567 2262 facturum.”
591 2214 668 2261 Scriba
675 2216 777 2263 tribunos

107 2279 177 2389 gebin
192 2279 251 2325 adit:
273 2280 301 2325 ab
316 2280 408 2325 tribunis
423 2280 452 2325 ad
466 2286 568 2325 senatum
584 2295 619 2326 ree
633 2287 668 2327 est
684 2281 774 2343 rejects.

130 2350 197 2389 raetor
209 2358 233 2389 se
243 2344 398 2405 Jusjurandum
413 2344 465 2391 dare
475 2351 576 2405 peretum
590 2359 640 2391 esse
654 2345 733 2399 aiebot,
748 2345 777 2391 li·

106 2407 159 2455 bros
169 2423 209 2455 eos
219 2408 264 2470 legi
275 2408 402 2469 servarique
412 2423 457 2455 non
470 2415 580 2469 oportere.
598 2412 601 2416 '
614 2409 711 2466 Senatus
722 2424 776 2456 een·

106 2472 158 2525 suit,
183 2479 199 2501 “
211 2472 270 2519 Satis
287 2472 419 2526 habendum,
439 2472 500 2533 quod
517 2480 600 2534 pretor
617 2473 774 2536 jusjurandum

106 2536 260 2597 polliceretur:
279 2536 347 2584 libros
356 2538 430 2599 primo
440 2552 529 2598 quoque
539 2544 640 2599 tempore
649 2540 673 2584 in
684 2539 776 2585 comitio

105 2600 237 2649 cremandos
247 2616 309 2649 esse:
328 2603 424 2671 pretium
434 2616 476 2664 pro
486 2601 553 2655 libris,
568 2611 677 2663 quantum
688 2602 720 2659 Q,
729 2601 775 2650 Po·
