1892 2909
126 109 129 124 ’
223 117 254 176 r.
268 78 359 171 nrvn
375 117 429 168 nn
442 117 525 168 xiv.
545 117 606 172 cn.
620 122 660 168 41.
732 123 782 173 sse

109 253 252 317 mejeststem
267 265 315 314 prae
331 265 357 298 se
369 248 459 300 ferens:
476 256 529 314 post
542 263 641 305 cunum,
656 249 716 301 inter
729 251 787 300 elios

110 319 210 368 illustres
225 317 293 370 viros,
309 316 348 364 lilii
363 316 415 371 cluo,
433 315 465 371 Q,
480 316 598 364 Maximus
612 322 635 362 et
650 314 679 363 1³.
693 315 783 378 Scipio:

112 383 194 432 deinde
209 382 295 444 equites
312 382 434 436 turnietim,
452 388 477 429 et
493 383 597 429 cobortes
612 381 720 443 perlitum,
739 381 786 430 suis

112 463 210 510 querque
226 447 346 494 ordinibus.
382 445 456 494 Pediti
469 448 494 492 in
509 447 611 508 singulos
626 447 672 492 dati
688 447 785 501 centeni,

113 513 198 576 duplex
211 511 344 566 centurioni,
361 511 443 574 triplex
457 512 540 573 equitis
558 519 646 558 tenum
660 512 729 587 pediti
746 513 787 559 ds·

113 587 190 627 turum
207 577 278 625 tuisse
294 576 395 631 credunt,
413 584 437 624 et
453 593 495 639 pro
512 574 560 624 rubi
575 577 630 630 eliis,
649 592 667 624 si
685 585 787 624 autnon

114 643 222 706 refragati
236 643 317 689 honori
332 643 380 705 ejus
395 641 498 697 fuissent,
515 649 554 690 sut
564 642 669 704 benigne,
686 643 728 688 boo
739 639 788 705 ipsi

115 706 204 756 summi
223 704 331 762 nuntiati,
353 705 520 754 ucclsmissent.
559 706 605 754 Sed
623 721 670 754 non
690 705 788 756 Perseus
877 718 880 731 ¹

114 780 204 822 tentus
219 773 327 834 perillus
344 773 390 820 dies
407 773 567 820 documentum
582 774 731 819 bumanorum
749 788 788 820 ca-

115 853 183 886 suum
193 837 244 891 fuit,
260 837 285 884 in
300 839 385 885 cetenis
399 844 452 886 ente
466 853 556 885 currum
571 838 663 885 victoris
674 838 737 884 ducis
747 853 788 900 per

115 905 194 952 urbem
205 902 304 950 hostium
316 903 410 960 ductus;
423 903 462 950 sed
472 904 538 950 etiem
547 900 620 950 victor
628 901 719 957 Paulus,
732 918 787 950 euro

115 964 259 1032 purpurique
267 966 365 1029 fulgens.
392 967 454 1016 Num
465 969 551 1015 duobus
561 983 575 1014 e
585 967 643 1021 filiis,
655 983 719 1030 quos,
731 969 788 1014 duo-

115 1035 160 1080 bus
179 1032 236 1078 dctis
254 1032 278 1078 in
297 1032 446 1094 adoptionem,
464 1034 525 1080 solos
543 1033 647 1087 nominis,
665 1048 787 1086 sacrorum,

118 1097 254 1157 familiaeque
271 1097 372 1146 baeredes
391 1099 512 1146 retinuerat
530 1097 598 1151 (lomi,
619 1098 700 1151 minor,
716 1097 789 1145 ferme

117 1161 236 1211 duodecim
252 1177 324 1210 unnos
339 1170 413 1218 natus,
431 1163 528 1225 quinque
546 1163 622 1210 diebus
637 1169 691 1210 unte
708 1162 790 1210 trium.-

34 1265 37 1270 ,
116 1229 196 1292 pbutn,
217 1228 295 1290 mqjor,
316 1228 484 1289 quatuordecim
505 1243 622 1280 annorum,
644 1228 718 1274 triduo
737 1233 790 1289 post

116 1293 264 1354 triumphum,
282 1292 393 1351 decessit3
415 1308 472 1354 quos
488 1300 633 1355 praetextatos
651 1308 718 1340 curru
736 1293 790 1340 veti

119 1373 172 1410 curn
189 1366 259 1419 putre,
277 1358 317 1404 sibi
334 1359 395 1421 ipsos
412 1359 495 1406 similes
511 1358 694 1420 prsrdestiusntes
709 1359 790 1404 trium-

118 1424 184 1486 phos,
203 1429 338 1484 oportuerat.
374 1423 456 1470 Paucis
474 1431 526 1486 post
545 1424 627 1475 dicbus,
646 1422 697 1469 dart
716 1438 730 1469 u
748 1422 786 1470 M.

119 1487 223 1536 Antonio
239 1488 327 1535 tribuno
341 1489 411 1551 plebis
426 1489 541 1542 concione,
559 1503 611 1535 cum
626 1487 655 1534 de
667 1488 714 1534 suis
725 1488 791 1535 rebus

43 1607 48 1613 ,
119 1552 192 1616 gestis
200 1569 263 1600 more
273 1560 406 1600 caeterorum
417 1554 575 1615 imperatorum
584 1552 731 1605 disseruisset,
742 1567 792 1599 me·

119 1617 233 1666 morabilis
243 1620 292 1681 eJus
303 1619 374 1666 oratio
385 1625 408 1666 et
418 1617 487 1680 dignu
497 1617 603 1665 Romano
613 1618 712 1680 principe
722 1616 772 1664 fuit.

153 1681 224 1730 XLI.
238 1690 255 1712 ‘⁴
265 1682 407 1745 Quemquam
416 1691 439 1730 et
447 1697 514 1744 quem
524 1682 618 1730 feliciter
626 1698 673 1730 rem
680 1684 792 1744 publicum

120 1748 329 1803 administraverim,
347 1756 370 1798 et
380 1748 440 1810 quod
451 1749 496 1796 duo
505 1747 601 1796 fulmins
611 1749 702 1796 domum
717 1763 792 1797 meum

119 1829 161 1876 per
171 1814 214 1860 bos
224 1813 271 1860 dies
281 1814 423 1875 perculerint,
441 1827 487 1862 non
497 1814 601 1876 ignorare
614 1829 664 1868 vos,
681 1812 790 1869 Quirites,

121 1879 223 1932 arbitror,
238 1892 289 1925 curn
301 1877 428 1941 spectsculo
438 1879 502 1926 vobis
512 1894 572 1926 nunc
583 1879 708 1942 triumphus
719 1894 790 1934 meus,

121 1959 182 1992 nunc
192 1941 272 1990 funere
278 1943 397 1991 liberorum
405 1959 507 1992 meorum
514 1943 597 1991 fuerint
605 1962 612 2003 3
624 1952 700 1992 tumen
707 1944 791 2006 psucis,

121 2023 208 2070 queso,
226 2009 304 2056 nostis
318 2023 356 2056 me
371 2025 423 2057 cum
437 2007 526 2072 publici
539 2009 645 2057 felicitate
654 2023 791 2071 comparere,

121 2073 794 2194 ruttulffintmbfflttlffi

122 2203 195 2262 solri3
213 2203 273 2252 noni
290 2205 333 2252 (liei
349 2203 412 2259 hori,
430 2221 482 2252 cum
499 2206 602 2252 omnibus
616 2203 673 2252 meis
690 2204 791 2258 neribus,

123 2266 249 2330 Corcyram
264 2269 334 2316 tenui,
369 2269 427 2318 Inde
440 2271 520 2332 quinto
535 2270 571 2318 die
585 2268 682 2332 Delphis
693 2269 795 2331 Apollini

120 2349 163 2398 pro
178 2350 222 2390 me,
240 2335 418 2396 exercitibusque
433 2343 457 2383 et
471 2336 584 2390 classibus,
602 2332 695 2400 [lustru]
709 2333 795 2380 sucrifi-

122 2399 179 2448 csvi.
215 2399 239 2448 A
251 2398 348 2463 Delphis
363 2402 442 2462 quinto
457 2400 493 2448 (lie
507 2401 531 2447 in
545 2407 618 2448 cestra
632 2399 736 2463 perveni:
755 2399 793 2446 ubi

122 2465 222 2512 exercitu
233 2473 332 2528 eccepto,
345 2466 436 2514 morsus
446 2466 585 2528 quibusdum,
597 2481 649 2526 quae
657 2479 741 2527 magns
750 2462 794 2510 im-

121 2530 248 2592 pedimenta
258 2531 360 2579 victorire
375 2539 446 2586 erunt,
463 2546 603 2594 progressius,
615 2531 668 2591 quis
682 2531 794 2590 inexpug-

120 2596 201 2644 nabilia
211 2604 284 2644 oestro
294 2597 392 2644 bostium
404 2605 475 2650 erurt,
493 2611 566 2658 neque
576 2597 628 2658 cogi
638 2610 742 2658 pugnare
750 2609 793 2655 po·

121 2668 178 2710 teret
189 2677 237 2718 rex,
249 2661 309 2710 iuter
319 2662 421 2726 praesidie
432 2663 481 2726 ejus
491 2662 573 2711 sutum
584 2662 612 2710 sd
621 2659 713 2710 Petrum
723 2657 792 2711 eresi,

486 2731 531 2774 211
549 2732 564 2773 8
