1892 2909
165 94 214 139 274
278 88 479 136 T.L1V11Ln.
495 87 588 137 XLIV.
608 87 667 139 Car.
681 91 719 137 25.
752 123 755 131 ,

164 234 218 265 cum
230 215 337 266 Chimaro
351 218 450 280 ‘quodam
464 218 569 281 'popunri
588 233 636 275 suo,
654 218 763 265 militante
773 216 831 281 apud

166 282 256 335 Perses,
268 282 321 329 inde
330 291 408 346 postes
417 284 445 331 sd
452 282 628 337 Demetriadem,
640 282 709 331 semel
719 296 770 329 cum
779 280 833 329 Me·

166 353 256 393 naorate
266 348 369 407 quodam,
385 348 467 394 iterum
475 364 526 395 oum
538 348 680 401 Antimacho,
692 346 760 409 regiis
770 346 833 393 uud-

164 411 215 465 bus,
227 413 268 458 sub
278 413 331 475 ipsis
341 412 452 460 moenibus
462 413 522 459 urbis
532 412 655 459 collocutus
664 411 744 459 fuerat·
771 408 832 457 Ero·

165 475 834 604 issbfflffiffliffnsstbibiibfflit
851 471 854 479 ¹

165 605 277 665 colloquia
286 600 373 653 occulta
383 612 406 653 et
415 606 539 668 legationes
549 605 642 653 infames
653 601 741 666 quidem
752 611 829 650 erant:

166 668 213 722 sed,
225 670 278 729 quid
285 678 359 717 actum
369 678 436 724 esset,
448 671 529 731 quidve
539 670 597 717 iuter
607 685 672 733 reges
683 668 832 721 convenisset,

166 733 318 794 ignorabatur.
351 733 401 780 Res
410 743 486 781 autem
497 735 528 781 its
538 750 587 781 sese
597 734 679 780 habuit.

199 796 282 843 XXV.
293 796 408 845 Eumenes
416 814 489 859 neque
495 798 550 845 iavit
558 798 658 844 victoriae
667 796 751 852 Persei,
760 811 835 857 neque

166 860 224 907 bello
238 877 290 907 eum
305 861 409 909 invadere
422 864 498 908 animo
511 862 600 908 habuit:
619 876 665 907 non
675 868 721 907 tam
732 858 783 920 quia
793 875 834 921 pa-

165 932 237 971 terne
247 925 305 971 inter
315 940 354 972 eos
363 925 486 972 inimicitias
496 932 566 979 erant,
579 922 657 987 [quam
668 925 765 986 ipsorum
776 922 834 969 odiis
855 926 861 933 '

165 988 224 1034 inter
232 1004 257 1035 se
267 1004 374 1036 sccensae.
396 989 452 1036 Non
463 1004 490 1037 ea
500 1004 579 1051 regum
590 986 722 1051 aemuistio,]
734 995 760 1033 ut
768 1002 834 1047 aequo

165 1052 241 1098 animo
250 1052 333 1100 Persea
340 1061 414 1119 tantas
425 1054 515 1116 adipisci
523 1068 584 1115 opes,
593 1059 721 1114 tantamque
728 1052 832 1113 gloriam,

166 1124 249 1178 quanta
265 1118 376 1165 Βοωαιιὶι
390 1118 456 1165 victis
471 1132 523 1165 eum
539 1120 650 1171 manebat,
667 1117 782 1164 Eumenes
798 1114 835 1161 si-

166 1197 232 1229 surus
245 1182 319 1230 fuerit.
354 1180 465 1231 Cernebat
476 1190 499 1230 et
510 1180 599 1236 Persea,
612 1184 660 1246 jam
671 1182 723 1227 inde
732 1181 760 1227 ab
769 1180 835 1227 initio

164 1246 224 1301 belli,
242 1248 303 1293 omni
317 1244 642 1309 modospempscistentisse,
660 1244 835 1293 etindissma·

164 1311 208 1371 gis,
218 1326 262 1371 quo
272 1312 362 1373 propior
369 1312 524 1359 admoveretur
532 1318 611 1366 terror,
620 1310 675 1357 nihil
683 1324 754 1371 neque
766 1314 836 1371 agere

165 1375 232 1429 aliud,
251 1390 322 1436 noque
336 1377 442 1439 cogitare.
477 1376 594 1425 Romanos
609 1391 704 1437 quoque,
721 1374 772 1435 quia
787 1381 836 1421 tra·

165 1440 256 1487 heretur
267 1441 348 1487 diutius
359 1456 398 1502 spe
408 1442 509 1502 ipsorum
518 1441 607 1496 bellum,
620 1448 643 1489 et
653 1441 713 1503 ipsos
724 1438 798 1492 duces,
811 1446 836 1486 et
848 1463 854 1473 ·

157 1512 276 1559 senatum,
288 1520 334 1552 non
345 1507 461 1553 abhorrere
471 1521 486 1551 a
495 1505 592 1553 finiendo
601 1514 647 1553 tam
657 1503 798 1552 incommodo
807 1518 836 1551 ac

166 1569 249 1615 difficili
259 1570 324 1616 belio-
359 1568 412 1617 Hac
423 1571 537 1631 utriusque
547 1570 615 1632 partis
626 1571 742 1617 voluntate
755 1568 835 1630 expio-

165 1632 221 1686 rati,
231 1634 291 1693 quod
300 1633 348 1681 iieri
356 1634 422 1680 etiam
431 1632 471 1681 sui
480 1643 559 1696 sponte
566 1636 634 1683 taeuio
642 1634 761 1687 validioris,
770 1638 835 1679 metu

163 1696 292 1743 infirmioris
302 1698 404 1745 credebat
413 1714 487 1760 posse,
504 1700 528 1745 in
538 1715 566 1746 eo
577 1715 641 1747 suam
656 1714 744 1761 operam
755 1696 836 1745 vendi-

166 1767 215 1806 tare
225 1760 362 1809 conciliandi
371 1762 444 1824 gratiis
453 1764 526 1825 magis
534 1765 609 1827 cupiit
644 1764 714 1817 Nam,
726 1762 793 1809 modo
803 1776 836 1809 ne

160 1826 252 1936 {bii
259 1826 628 1941 ''tiissffit‘iieitt
640 1828 835 1941 iiiam

163 1954 223 2001 bello
237 1954 362 2013 interesset,
378 1961 394 1989 *
405 1962 420 1990 t
431 1908 530 2011 milieaet
544 1958 666 2021 quingenta
675 1958 768 2005 'taleam
803 1953 834 2003 In

165 2026 260 2081 utroque
271 2035 316 2068 non
327 2020 393 2067 fidem
403 2022 471 2068 modo
483 2038 513 2076 se,
527 2024 566 2069 sed
576 2023 662 2070 obsides
673 2036 768 2083 quoque,
780 2020 835 2068 dare

164 2094 266 2145 paratum
277 2100 332 2139 esse⁴
342 2087 484 2139 ostendebat.
516 2086 612 2134 Perseus
626 2087 654 2134 ad
669 2102 716 2147 rem
727 2086 834 2135 inchoan·

165 2148 215 2195 dam
226 2149 390 2211 promtissimus
400 2159 454 2205 erat,
466 2160 563 2213 cogente
574 2158 643 2205 metu,
656 2159 678 2199 et
687 2151 714 2197 de
722 2150 835 2197 obsidibus

163 2214 296 2274 accipiendis
311 2214 359 2261 sine
372 2215 477 2262 dilatione
494 2218 588 2279 agebst3
605 2223 789 2277 conveneratque,
807 2221 835 2261 ut

129 2281 133 2329 ζ
163 2278 249 2338 accepti
261 2276 353 2326 Cretam
367 2280 514 2327 mitterentur.
551 2280 597 2329 Ubi
613 2281 641 2328 ad
654 2280 754 2343 pecunie
769 2294 833 2325 men-

164 2341 248 2386 tionem
259 2352 351 2389 ventum
362 2351 417 2398 erat,
434 2346 464 2391 ibi
474 2345 603 2393 haesitabat:
623 2353 646 2392 et
656 2346 731 2406 utique
739 2344 832 2393 aiteram

162 2404 187 2461 ip
198 2406 254 2450 tanti
263 2407 359 2453 nominis
370 2410 459 2471 regibus
468 2417 554 2472 turpem
566 2425 592 2457 ac
601 2410 718 2464 sordidam,
731 2416 754 2456 et
762 2408 831 2462 danti,

161 2475 187 2512 et
197 2468 269 2530 magis
277 2471 399 2547 accipienti,
411 2474 536 2521 mercedem
547 2490 603 2522 esse.
623 2474 723 2522 Malebat
733 2472 756 2519 in
768 2488 832 2535 spem

162 2530 275 2581 Romane
285 2549 345 2595 paors
357 2548 402 2583 non
413 2553 515 2585 recusare
529 2540 659 2601 impensam,
676 2539 715 2586 sed
728 2554 776 2585 earn
791 2544 833 2601 pe·

146 2596 249 2643 'cuniam
265 2598 363 2659 perfecti
373 2616 397 2648 re
408 2601 511 2651 datumm
518 2622 526 2662 3
543 2604 627 2652 interes
642 2604 794 2673 Samothracae
808 2603 832 2651 in
