1892 2909
177 108 223 155 ros
303 98 333 149 n.
346 99 433 160 mvn
450 96 503 147 nn„
517 67 573 147 xi.
592 97 653 150 ou.
665 103 705 149 rr.

171 198 298 285 Romanos,
312 229 412 289 fortique
427 244 453 277 sc
468 228 527 276 fideli
543 204 611 291 operti
626 229 703 275 multis
720 228 776 278 locis
792 234 844 280 teda

174 297 301 345 Romanam
312 295 403 356 adjuvit.
519 340 528 356 „

172 397 176 404 .
207 360 237 407 L·
255 360 355 421 Ergavia
365 358 423 412 inde,
436 358 515 404 nobilis
525 364 548 403 et
558 365 638 419 potens
648 356 733 411 civitas,
745 358 843 405 oliorum

175 426 234 475 circo
247 424 379 486 populorum
394 423 491 469 cladibus
505 422 587 475 territo,
605 429 680 482 portas
693 423 778 483 aperuit
788 421 843 468 Ro-

173 490 252 537 manis.
287 488 347 535 Earn
361 487 495 533 deditionem
510 485 640 547 oppidorum
654 486 713 532 hsud
729 502 780 531 cum
795 486 844 546 lide

171 554 261 605 sectam,
273 552 367 611 ,quidam
381 557 483 597 auctores
497 558 561 595 suut:
581 566 595 595 e
604 548 648 610 qud
656 552 747 611 regione
754 550 844 598 abdux-

172 618 231 669 isset¹
240 617 347 677 legiones,
365 614 477 675 extemplo
494 614 545 659 inde
559 615 695 667 rebellatum,
711 629 843 676 magnoque

174 698 226 729 eum
240 687 318 741 postea
331 678 410 740 proelio
425 678 452 724 ad
463 685 562 724 montem
573 676 692 725 Chaunum
703 694 755 732 cum
766 677 842 730 Celti-

173 747 231 793 beris
242 760 255 791 a
265 741 336 805 primi
346 742 395 787 luce
403 742 430 789 sd
439 749 525 788 sextam
532 743 609 787 horam
620 742 662 788 diei
673 742 742 803 signis
753 738 844 789 oollatis

172 806 299 873 pugnisse3
310 807 393 853 multos
404 807 514 866 utrimque
523 806 640 852 cecidisse:
655 820 697 852 nec
707 807 766 853 aliud
773 810 842 869 mag-

167 881 263 934 nopere,
285 886 313 917 ne
331 871 404 917 victos
425 871 532 924 crederes,
553 869 631 916 fecisse
649 870 773 925 Romanos,
795 872 842 917 nisi

173 937 233 998 quod
249 942 339 996 postero
355 935 392 981 die
403 935 540 981 lacessierint
555 935 634 995 proelio
650 943 764 981 manentes
780 935 842 983 intre

171 1002 270 1057 ¹vullum;
287 1000 357 1060 spolia
374 1014 413 1060 per
431 1005 504 1045 totum
521 999 579 1044 diem
595 999 704 1060 legerint3
721 1000 786 1045 tertio
802 1000 841 1047 die

172 1064 251 1129 proelio
262 1065 345 1126 majore
354 1064 434 1109 iterum
443 1069 581 1124 pugnatum
593 1070 615 1109 et
623 1069 671 1109 tum
680 1064 769 1110 demum
778 1065 839 1111 baud

172 1131 238 1177 dubie
248 1130 319 1175 victos
330 1126 461 1180 Celtiberos,
478 1134 593 1187 castraque
607 1142 684 1173 eorum
696 1135 760 1189 capta
771 1135 793 1174 et
804 1128 842 1174 di-

172 1202 236 1257 repta
251 1208 312 1240 esse:
331 1192 412 1254 viginti
430 1191 474 1237 duo
493 1191 560 1246 millio
578 1191 675 1238 hostiurn
691 1207 719 1237 eo
738 1192 773 1238 die
789 1208 842 1241 esse
895 1203 900 1207 “

173 1274 237 1311 creso,
250 1258 299 1319 plus
310 1263 421 1303 trecentos
431 1262 526 1317 captosr
536 1270 611 1315 parem
621 1254 668 1301 fere
677 1272 784 1317 equomm
795 1272 841 1303 nu-

172 1337 275 1378 memm;
293 1328 316 1367 et
326 1321 391 1381 signs
400 1319 502 1365 militaris
512 1319 650 1379 septuaginta
661 1320 717 1366 duo:
737 1320 841 1375 indede-

171 1387 284 1439 bellatum,
300 1400 419 1445 veramque
428 1398 513 1445 pacem,
531 1397 576 1428 non
586 1381 648 1429 fluxi
671 1382 769 1444 utente)
785 1384 838 1440 lide,

173 1450 297 1499 Celtiberos
310 1448 396 1495 fecisse.
431 1445 518 1494 Eidem
533 1454 610 1493 aestate
621 1455 644 1494 et
695 1448 839 1497 Postumium

172 1517 196 1561 in
212 1512 322 1575 Hispsnii
335 1513 439 1559 ulteriore
452 1511 486 1557 bis
498 1526 549 1557 cum
560 1511 663 1558 Vaccaeis
673 1513 764 1574 egregie
777 1528 839 1577 pug-

169 1578 238 1627 ndsse
248 1578 358 1631 scribunt:
377 1577 405 1623 ad
415 1576 507 1637 triginta
517 1582 541 1621 et
551 1576 647 1636 quinque
657 1577 725 1623 millis
739 1579 838 1625 hostiulm

172 1644 285 1698 occidisse,
303 1647 326 1687 et
340 1650 413 1687 castro
427 1638 574 1703 oppugnrisse.
609 1640 705 1703 Propius
722 1656 776 1688 vero
793 1651 837 1697 est,

171 1708 242 1755 serius
259 1707 282 1751 in
297 1705 432 1767 provinciam
447 1704 581 1766 pervenisse,
598 1720 664 1765 quem
680 1713 705 1751 ut
718 1704 746 1753 ei
759 1713 840 1757 aestste

168 1770 268 1833 ¹potuerit
280 1785 314 1815 res
325 1784 410 1830 gerere·
451 1800 453 1805 ,
634 1814 636 1823 ,
832 1825 837 1833 ι

171 1878 177 1891 ,
204 1832 247 1879 LI.
267 1832 378 1881 Censores
394 1834 454 1881 lideli
470 1831 588 1881 concordii
602 1840 703 1880 senatum
715 1834 835 1896 legerunt:

169 1899 274 1963 princeps
284 1900 367 1945 electus
378 1906 413 1945 est
422 1899 469 1960 ipse
480 1912 559 1944 censor
572 1898 609 1944 M.
620 1898 726 1945 AEmilius
737 1898 839 1960 Lepidus

170 1963 272 2027 pontifex
290 1963 413 2010 maximus:
439 1970 485 2008 tres
503 1963 567 2024 ejecti
585 1962 613 2009 de
631 1970 723 2010 senatu:
745 1964 838 2013 retinuit

170 2030 278 2091 quosdam
287 2027 386 2090 Lepidus
396 2044 410 2074 a
420 2023 507 2089 collegi
516 2029 648 2087 praeteritos.
673 2027 748 2088 Opera
758 2042 787 2075 ex
797 2044 839 2090 pe-

168 2092 236 2145 eunii
253 2090 357 2139 attributi
372 2090 487 2152 divisique
501 2091 560 2137 inter
575 2106 600 2137 se
618 2092 666 2137 haec
682 2092 835 2140 confecerunt.

135 2208 137 2212 ,
170 2158 270 2219 Lepidus
280 2158 362 2203 molem
373 2156 401 2203 td
411 2155 562 2210 Terracinam,
578 2156 691 2217 ingratum
702 2172 765 2218 opus,
777 2158 838 2219 quod

168 2223 253 2285 praedie
260 2220 352 2269 habebat
359 2221 395 2274 ibi,
407 2220 558 2281 privatamque
567 2220 661 2287 publicoe
671 2220 703 2267 sei
712 2221 837 2282 impensam

169 2289 311 2348 imposuerat.
326 2316 330 2321 -
345 2284 468 2331 'Ilieatrum
483 2292 506 2331 et
519 2285 660 2345 proscenium
674 2285 703 2331 nd
715 2285 837 2347 Apollinis,

167 2352 241 2407 sedern
249 2348 315 2399 lovis
322 2350 345 2395 in
356 2347 473 2410 Capitolio,
487 2348 644 2410 columnasque
655 2349 713 2396 ciros
722 2350 838 2411 poliendus

167 2416 219 2472 albo
229 2415 324 2473 locavit:
341 2420 364 2461 et
373 2414 400 2473 ab
411 2413 445 2461 his
456 2413 571 2467 columnis,
583 2430 634 2475 quae
644 2414 785 2462 incommode
795 2431 838 2477 op-

168 2480 241 2543 posita
259 2479 395 2535 videbantur,
414 2480 479 2541 signs
497 2478 594 2525 amovit:
613 2479 734 2541 clypeoque
750 2478 779 2525 de
798 2496 837 2527 co-

167 2544 258 2601 lumnis,
270 2551 292 2589 et
303 2544 367 2607 signa
377 2542 481 2589 militaria
489 2543 556 2589 affixa
561 2544 634 2590 omnis
640 2544 736 2605 generis,
746 2543 835 2593 demsit.

168 2608 205 2657 M.
217 2607 310 2657 Fulvius
321 2608 383 2673 plura
398 2615 420 2655 et
430 2606 519 2670 majoris
529 2608 612 2657 locavit
626 2608 693 2657 usos:
712 2615 801 2673 portum
813 2617 837 2658 et
