1892 2909
288 110 453 178 ,ΞΡῙΤΟΜΕ
470 113 524 172 ‚nn
543 111 604 172 cx,
736 112 787 169 sat

108 240 180 300 sceui,
191 240 398 308 Vercingentorige
413 243 520 296 Arverno
535 244 599 300 duce,
616 243 750 300 &auam
763 252 788 294 ct

108 307 234 364 laboriosas
255 309 380 356 obsidiones
402 311 497 364 urbium,
520 311 636 369 continet;
651 312 711 360 inter
730 326 788 373 qun

108 369 206 428 Avarici
213 373 350 436 Biturigum,
363 382 386 420 et
398 375 523 437 Gergovia*
534 375 696 424 Arvernorum.

256 465 414 520 EPITOME
431 470 529 521 LIBRI
547 471 643 526 CVIII.-

112 549 143 600 C·
155 549 248 602 cam
264 555 344 602 Gallos
358 554 386 602 ad
402 554 503 602 Alesiam
519 553 580 612 vicit,
597 566 719 612 omnesque
730 551 789 600 Gal-

110 617 150 664 liae
170 617 278 672 civitates,
296 635 347 679 quae
365 619 389 666 in
410 619 478 666 armis
494 618 590 670 fuerant,
609 618 632 663 in
652 617 787 671 deditionem

111 681 206 744 accepit.
235 682 262 732 C.
282 681 381 738 Cassius,
400 691 500 744 quaestor
516 682 553 729 M.
574 681 657 737 Crassi,
682 680 787 736 Parthos,

104 747 153 810 ,qui
169 747 193 793 in
212 747 300 810 Syriam
315 748 503 803 transcenderant,
522 746 608 794 cecidit
635 745 665 794 In
680 747 789 810 petitione

112 812 243 861 consulatus
260 813 296 860 M.
309 811 367 862 Cato
378 813 489 875 repulsam
500 813 559 866 tulit,
570 812 650 859 creatis
661 812 789 858 consulibus

107 877 165 938 ,Son
188 877 294 940 Sulpicio,
310 877 347 924 M.
364 878 483 924 Marcello.
508 874 536 925 C.
552 875 631 926 Caesar
646 876 789 932 Bellovacos,

113 957 167 991 cum
183 941 231 990 aliis
248 939 366 990 Gallorum
379 943 474 1005 populis,
490 940 583 988 domuit.
605 939 719 988 Praeteres
734 956 791 988 con-

114 1007 227 1054 tentiones
246 1007 307 1054 inter
328 1007 431 1054 consules
447 1007 482 1053 de
503 1022 631 1054 successore
653 1005 682 1054 C.
702 1004 789 1054 caessri

114 1071 232 1125 mittendo,
253 1079 335 1133 egente
355 1072 379 1118 in
401 1078 481 1120 senatu
499 1071 536 1118 M.
559 1071 669 1118 Marcello
688 1071 787 1125 consulo,

30 1189 37 1197 ,
115 1143 141 1184 ut
162 1134 240 1184 Caesar
267 1137 295 1183 sd
321 1137 452 1199 petitionem
471 1136 601 1184 consulatus
621 1135 715 1190 veniret,
738 1151 790 1182 cum

112 1194 205 1263 isle'ge
222 1198 268 1248 latai
288 1202 312 1248 ia
335 1198 379 1266 [id]
402 1207 490 1263 tempus
512 1201 641 1249 eonsulstrls
662 1200 789 1264 provincias

115 1265 224 1378 3333·
226 1266 316 1376 deberet
322 1283 331 1325 ;
349 1282 429 1330 resque
438 1282 453 1314 a
462 1266 500 1315 Μ.
513 1265 596 1314 Bibulo
603 1266 628 1312 in
636 1263 702 1328 syrti
712 1271 790 1328 gestas

271 1412 428 1464 EPITOME
447 1412 543 1462 LIBRI
561 1411 630 1464 CIX.

117 1491 212 1543 Causa
226 1494 325 1542 civilium
340 1510 452 1544 armorum
465 1503 491 1542 et
504 1495 568 1542 initis
582 1494 716 1548 referumm,
734 1506 791 1540 eon-

114 1560 270 1620 tentionesque
280 1561 309 1607 de
319 1575 447 1608 successore
466 1559 495 1609 C-
507 1558 593 1609 Caesari
602 1560 721 1613 mittendo,
738 1573 791 1605 curn

116 1637 141 1670 se
153 1623 296 1671 dimissurum
310 1625 421 1672 exmcitus
433 1632 532 1688 negaret,
550 1625 593 1671 nisi
606 1641 619 1672 a
630 1623 739 1687 Pompeio
755 1623 791 1670 di-

116 1689 265 1736 mitterentur.
300 1689 333 1736 Et
344 1689 372 1738 C.
385 1688 498 1744 Curionis,
510 1691 592 1737 tribuni
603 1690 680 1752 plebis,
691 1689 789 1751 primum

117 1753 223 1800 adversus
241 1753 363 1808 Caesarem,
380 1755 431 1801 dein
447 1769 489 1816 pro
502 1753 600 1809 Csassre,
619 1756 719 1801 actiones
733 1767 791 1801 eon-

117 1818 181 1864 tinet.
218 1816 278 1865 Cum
290 1819 684 1873 scnattlsconsultumiactumesset,
702 1826 728 1866 ut
738 1833 791 1865 suc·

104 1893 191 1929 sessor
206 1882 293 1931 caenrt
313 1883 446 1937 mitteretur,
465 1885 503 1931 Μ.
513 1885 616 1931 Antonio
631 1891 655 1931 et
669 1882 790 1938 Q,Cassio

108 1947 210 1994 tribunis
225 1947 302 2008 plebis,
319 1949 423 2009 quonism
437 1949 445 1994 i
546 1949 551 1962 '
567 1950 632 1995 mbas
646 1949 669 1995 id
688 1948 793 1995 senatis·

118 2012 244 2059 consultrmr
255 2013 410 2074 impediebant,
424 2005 448 2060 U
497 2014 574 2075 puIsIs,
588 2014 718 2060 mandatum
729 2019 764 2060 est
776 2027 791 2060 a

118 2083 196 2124 senatu
210 2077 337 2124 consulibua
354 2086 377 2125 et
390 2077 435 2127 Cn.
453 2078 569 2140 Pompeio,
588 2085 614 2124 ut
631 2078 740 2133 riderent,
760 2091 791 2123 ns

118 2139 170 2201 quid
180 2141 302 2204 respublica
317 2143 443 2190 detrimenti
456 2150 552 2206 caperet
587 2141 617 2192 C·
631 2140 717 2197 cresse,
731 2142 792 2190 bello

7 2191 8 2248 Ῐ
106 2205 218 2252 ⁴inimcos
229 2215 392 2269 persecuturus,
402 2223 453 2254 cum
462 2207 562 2256 uereitu
572 2208 596 2255 ln
608 2206 697 2254 Italiam
709 2207 787 2255 venite

119 2267 251 2326 corfinium,
273 2285 325 2320 cum
343 2271 372 2318 Ι..
386 2271 491 2319 Domitio
509 2279 534 2321 et
552 2270 581 2320 1.
595 2271 701 2326 Iaentulo,
722 2271 789 2334 cepit,

118 2336 299 2396 eosquedimisit.
329 2334 373 2386 Cn.
389 2335 531 2402 Pompeium,
540 2345 680 2399 ceterosque
690 2337 789 2401 partium
846 2368 848 2391 ,

118 2399 172 2463 ejus,
186 2399 252 2450 lutis
262 2401 354 2465 expulit.
770 2418 778 2446 J

277 2489 436 2541 ΕΡΙΤΟΜΕ
456 2489 554 2542 LIBRI
571 2489 627 2543 CX·

8 2565 9 2582 i
103 2567 148 2622 ¹0
162 2567 255 2620 esna
265 2571 398 2628 Massiliam,
410 2582 552 2638 quaeportas
565 2575 608 2639 ipsi
623 2574 792 2631 clausoestcb-

8 2639 10 2652 '
104 2635 187 2694 ¹sedit:
207 2645 237 2693 et,
252 2640 335 2691 relictis
352 2640 375 2688 in
390 2640 506 2689 obsidione
520 2640 581 2690 urbIs
595 2642 643 2688 e'us
659 2640 747 2704 legatis,
759 2636 789 2688 C·

119 2697 266 2818 difflari
282 2704 316 2764 D,
330 2704 411 2766 Bruto.
427 2705 588 2824 proiccwsssinu
599 2657 741 2773 Μινώιον
759 2701 789 2767 dt·
