1892 2909
11 2408 13 2536 l

10 2736 110 2860 h

132 113 181 158 286
245 104 276 152 Τ.
289 101 449 155 lellin
465 99 563 150 XLIII.
583 99 643 152 Cer.
658 103 695 149 11.

130 233 222 314 ἧψά)
238 233 268 282 ad
286 230 429 295 Lychnidum
445 233 548 299 protinus
566 231 669 294 reliquias
686 229 755 280 eludis
773 245 810 281 rs·

135 305 213 413 QI.
233 362 295 410 Haec
313 371 337 412 et
354 364 404 417 alin,
425 363 486 410 haud
504 377 610 425 prospere
629 363 653 409 in
672 361 812 410 Macedoniis

133 438 207 495 gesta,
223 444 253 476 ex
264 430 325 476 Sex..
335 428 426 491 Digitio
440 428 530 475 tribuno
541 428 644 481 militurn,
662 427 699 488 qui
711 425 815 474 sacrificii

135 493 203 544 musi
221 495 320 542 Romam
339 500 438 546 venerat,
455 501 509 540 sunt
528 493 610 540 audita.
646 491 742 554 Propter
759 507 815 552 quse

136 561 202 609 veriti
220 559 307 612 Patres,
325 574 355 605 ne
370 574 422 620 quse
437 560 510 622 major
525 557 649 620 ignominia
666 557 814 618 acciperetur,

98 634 108 651 ³
138 627 226 688 legatos
244 625 268 671 in
287 623 453 677 Macedoniam,
471 623 509 670 M.
530 621 637 670 Fulvium
657 621 772 676 Flaccum,
789 629 817 669 et

138 692 176 741 Μ.
191 689 312 738 Caninium
322 689 436 743 Rebilum,
448 688 564 740 miserunt,
577 687 616 748 qui
629 694 750 748 comperta,
762 703 817 748 quae

137 763 267 818 agerentur,
284 752 406 800 referrent:
425 761 449 800 et
457 760 483 799 ut
493 753 524 800 A.
539 751 653 800 Hostilius
661 753 741 798 connd
751 767 817 799 com-

138 822 180 868 itia
198 819 327 866 consulibus
346 818 493 880 subrogandis
515 818 546 864 ita
567 817 671 871 ediceret,
689 818 722 864 uti
735 833 818 864 mense

133 885 249 934 anuarIo
259 883 350 930 comitia
363 885 439 930 baberi
452 889 552 945 possent,
569 890 594 929 et
605 890 630 929 ut
640 882 713 944 primo
727 897 820 944 quoque

141 957 244 1010 tempore
253 948 277 994 in
290 947 377 996 Urbem
388 949 477 996 rediret
513 947 609 995 Interim
619 947 656 994 Μ.
668 947 749 994 Raecio
758 963 821 1010 prae·

141 1015 186 1061 tori
204 1013 341 1068 mandatum,
359 1020 386 1063 ut
403 1014 478 1060 edicto
495 1021 609 1061 senatores
629 1027 708 1059 omnes
723 1027 754 1058 ex
770 1011 822 1060 tort

143 1076 210 1126 Italii
226 1079 281 1142 (nisi
299 1079 338 1140 qui
354 1079 386 1126 rei
403 1079 498 1141 publicae
513 1076 583 1126 causi
596 1075 709 1137 abessent)
719 1077 822 1124 Romam

142 1151 274 1193 revomet:
299 1144 338 1204 qui
356 1143 440 1190 Romae
458 1151 542 1197 essent,
564 1158 595 1190 ne
612 1143 662 1204 quis
681 1143 740 1188 ultra
757 1143 822 1190 mille

142 1225 250 1272 passuum
259 1209 288 1256 ab
298 1206 375 1256 Romi
385 1211 480 1256 abesset.
514 1208 559 1263 Ea,
577 1209 610 1254 uti
621 1215 711 1256 senatus
722 1208 822 1263 censuit,

143 1281 198 1321 arunt
213 1273 280 1321 sacta·
316 1271 416 1322 Comitia
430 1274 556 1322 consuhda
572 1280 625 1321 ante
641 1273 700 1320 dien
715 1273 823 1334 quintum

142 1337 255 1388 calendas
267 1338 409 1399 Septembres
418 1335 489 1386 fuere
515 1336 592 1388 Oresti
603 1339 707 1385 consules
718 1345 772 1384 sunt
782 1337 820 1392 Q,

142 1403 247 1450 Marcius
262 1401 379 1464 Philippus
394 1404 484 1456 iterum,
502 1410 526 1451 et
544 1401 588 1451 Cn.
603 1403 711 1450 Servilius
728 1401 820 1464 cepio.

145 1467 206 1516 I'ost
219 1468 278 1514 diem
289 1467 381 1514 tertium
391 1474 500 1528 praetores
515 1473 568 1512 sunt
581 1466 636 1514 facti
650 1465 678 1514 C.
692 1465 822 1524 Decimius,

143 1532 183 1580 Μ.
194 1531 303 1581 Claudius
310 1531 442 1584 Marcellus,
455 1529 484 1578 0.
496 1530 607 1592 Sulpicius
617 1531 704 1585 Gallus,
715 1529 744 1579 C.
755 1532 825 1580 Mss-

144 1598 193 1644 ·cius
209 1596 312 1659 Figulus,
331 1595 379 1642 Ser.
395 1594 516 1644 Cornelius
531 1593 650 1650 Lentulus,
669 1595 696 1642 P.
711 1595 824 1646 Fonteius

146 1659 236 1723 Capito.
263 1659 398 1722 Designatis
408 1660 548 1722 praetoribus,
560 1668 642 1722 praeter
653 1660 821 1718 duasurbanas,

146 1725 380 1788 quatuor-provinciae
395 1733 448 1773 sunt
462 1726 575 1782 decretae;
594 1723 711 1786 Hispanis,
729 1734 753 1773 et
768 1727 825 1776 Sar.

146 1790 213 1844 diutia,
231 1796 255 1836 et
272 1789 354 1843 Sicilia,
373 1797 397 1836 et
414 1791 498 1837 chono.
534 1788 616 1852 Legati
634 1805 663 1836 ex
678 1790 823 1850 Macedonis,

147 1861 228 1902 meto
244 1853 365 1902 admodum
382 1870 460 1903 mense
474 1854 604 1909 Februario,
622 1855 742 1902 redierunt.
778 1855 823 1914 Hi,

147 1935 204 1983 quas
218 1934 255 1967 res
271 1917 299 1966 ei
317 1926 395 1967 aestate
411 1936 518 1982 prospere
534 1920 642 1982 gessisset
659 1935 699 1968 rex
717 1919 824 1978 Perseus,

148 1985 280 2037 referebant,
297 1992 440 2046 quantusque
456 1987 524 2031 timor
542 1985 615 2033 socios
630 1985 707 2048 populi
722 1985 825 2038 Romani

148 2051 251 2114 cepisset,
274 2056 309 2096 tot
329 2050 419 2097 urbibus
437 2050 462 2095 in
479 2056 613 2111 potestatem
636 2051 695 2114 regis
717 2053 822 2102 redactis.

149 2121 166 2145 ⁴‘
173 2115 308 2162 Exercitum
316 2115 415 2161 consulis
421 2113 593 2175 infrequentem,
603 2117 764 2165 commeatibus
772 2121 826 2167 vul-

149 2195 181 2242 go
196 2180 253 2226 datis
263 2195 304 2240 per
313 2180 465 2234 ambitionem,
483 2195 546 2226 esse:
566 2181 654 2243 culpam
665 2183 714 2244 ejus
724 2183 757 2230 rei
767 2200 825 2232 con-

150 2243 222 2290 sulem
237 2243 262 2290 in
276 2244 378 2290 tribunos
392 2245 498 2299 militum,
516 2252 594 2292 contra
608 2246 658 2293 illos
672 2247 696 2292 in
707 2251 826 2299 consulem

150 2306 260 2354 soniare.
294 2306 454 2370 Ignominiam,
468 2307 558 2358 Claudii
568 2312 693 2359 temeritate
701 2323 824 2378 acceptam,

149 2371 239 2446 elevare
248 2386 288 2418 eos
299 2369 392 2434 [Patres
402 2373 557 2439 aeceperunt]
569 2377 606 2437 qui
617 2379 827 2439 perpaucos'ltelici

151 2449 250 2510 geticis,
267 2443 292 2482 ei
305 2437 390 2500 magud
399 2455 430 2487 ex
438 2447 503 2502 parte
512 2441 658 2489 tumultuario
669 2443 757 2493 delectu
771 2463 828 2497 con.

146 2507 254 2574 temptes,
263 2501 295 2576 ¹b!
302 2503 385 2550 milites
391 2499 645 2554 amissosrei'erebant⁵’
665 2507 777 2558 Consules
789 2515 830 2566 de.

149 2570 240 2638 naeth»
258 2565 296 2611 ubt
306 2566 403 2626 primum
413 2569 569 2632 magistratum
582 2572 685 2628 inissent,
704 2575 734 2622 de
747 2575 830 2630 Mace.

150 2627 218 2676 donn
236 2627 319 2679 referre
338 2632 367 2679 ad
384 2642 488 2682 matum
501 2636 572 2698 jussi:
592 2637 755 2702 destinataeque
773 2661 828 2710 pro.
