1892 2909
217 130 247 179 T.
260 128 349 179 L1v11
365 129 417 177 Ln-
432 130 526 178 XLIV.
545 130 605 179 Car.
622 134 659 177 14.
723 132 770 179 268

104 270 154 309 tare
168 267 206 309 aut
221 276 287 323 opere
301 260 376 307 autri
390 266 488 322 possent.
516 258 586 307 Fama
600 259 650 314 iuit,
667 276 706 323 per
722 258 771 321 Cy·

104 327 194 373 dmtern
210 325 341 375 Cretensem
356 332 380 371 et
393 324 561 378 Antimachum,
578 326 615 384 qui
631 322 771 372 Demetriadi

104 398 206 452 preerat,
224 397 328 437 tractatas
341 390 400 435 inter
416 388 543 435 Eumenem
559 396 582 435 et
597 388 680 436 Persea
694 390 771 436 cundi·

105 456 179 502 tiunes
189 456 306 502 amicitie:
325 455 353 501 ab
364 452 509 499 Demetriade
521 464 581 499 certe
591 454 715 501 abscessum
727 460 768 501 est.

105 519 222 566 Eumenes
240 518 268 565 sd
289 518 403 565 eonsrdem
425 518 531 579 navigat:
557 518 688 579 gratulatus,
711 518 771 579 quod

102 594 211 645 prospere
215 583 373 631 Macedoniam
378 578 491 635 iutrisset,
502 580 637 644 Pergamum
646 582 668 627 in
677 596 771 642 regnum

103 648 156 694 abit.
176 647 277 694 Mutius
287 646 383 709 Figulus
392 654 482 708 pretor,
494 652 557 707 parte
567 647 642 693 classis
650 647 672 692 in
682 648 772 693 hiberna

86 780 88 784 .
101 712 220 759 Beiatbmn
231 710 305 765 missi,
318 726 369 757 cum
381 712 469 771 reliquis
480 712 571 759 navibus
580 711 665 758 Oreum
674 710 772 757 Boeotiae
864 734 866 738 ·

61 807 65 814 ·
104 777 167 839 pern,
183 792 232 823 eam
243 777 320 822 urbem
330 775 466 836 aptissimam
478 782 545 829 ratus,
561 776 620 823 unde
630 774 770 827 exercitibus,

104 840 144 901 qai
156 841 182 886 in
198 837 338 892 Msoesonit,
358 839 440 900 quique
454 840 479 886 in
495 838 610 887 'ibessalii
625 848 695 894 erant,
713 840 771 887 mitti

7 957 12 966 ,
104 910 243 953 commestus
253 912 351 965 pauent.
376 903 416 950 De
428 904 533 951 Eumene
544 921 597 967 rege
606 907 675 967 longe
685 906 772 952 diversa

104 970 203 1016 tradunt.
223 966 247 1016 Si
255 967 346 1015 Valerio
355 968 532 1022 Antiaticredss,
546 984 587 1015 nee
595 970 665 1017 classe
672 971 771 1033 adjutum

104 1034 134 1081 ab
143 1048 171 1079 eo
179 1039 297 1101 pqtetorem
305 1047 361 1085 esse,
373 1048 423 1079 aum
432 1048 492 1094 sepe
500 1048 551 1080 eum
558 1033 627 1079 literis
635 1030 770 1089 arcessisset,

104 1098 185 1154 tradit3
197 1112 239 1143 nec
246 1112 298 1143 eum
306 1094 413 1159 gratidab
420 1098 512 1144 consule
519 1096 643 1159 profestum
651 1098 674 1143 in
682 1098 769 1153 Asiam,

105 1162 253 1224 indignatum,
265 1160 331 1221 quod,
344 1168 369 1208 ut
378 1161 457 1208 iisdem
467 1162 546 1209 castris
557 1162 664 1215 tenderet,
678 1162 771 1223 permis-

105 1242 155 1275 mm
167 1242 212 1273 non
223 1226 303 1273 fueriti
325 1240 354 1272 ne
368 1232 395 1272 ut
408 1227 493 1286 equites
508 1226 596 1286 quidem
611 1226 697 1279 Gallos,
714 1242 772 1286 quos.

104 1302 181 1338 utam
189 1291 317 1344 nanneni,
327 1290 466 1349 relinqueret,
476 1290 587 1352 impetrari
595 1292 622 1337 ab
630 1307 657 1337 eo
663 1290 769 1352 potuisse.

105 1356 210 1403 Attalrun
223 1355 316 1401 fratrem
344 1356 378 1401 ’us
393 1361 417 1401 et
431 1354 563 1401 remansisse
578 1351 636 1416 apud
649 1354 771 1409 consulem,

104 1430 128 1468 et
145 1421 253 1467 sineeram
269 1420 317 1481 ejus
362 1434 399 1465 em
415 1418 495 1480 aquali
511 1426 594 1473 tenore,
615 1419 773 1481 egregiamque

81 1574 84 1580 v
104 1482 429 1595 ‘'pm-lffibbbiiffi
442 1547 578 1596 Macedonii
593 1549 685 1611 geritur,
702 1548 773 1611 iegati

104 1611 247 1675 'i'ransaipini
260 1613 288 1660 ab
301 1612 380 1673 regulo
394 1612 511 1660 Gailomm
527 1613 637 1677 (Balanos
648 1614 716 1675 ipsius
726 1620 773 1660 tra-

103 1679 165 1726 ditur
174 1688 270 1733 nomem
284 1678 366 1739 gentis,
378 1691 408 1723 ex
415 1675 459 1738 qui
465 1677 541 1732 fuerit,
552 1693 598 1725 non
607 1677 710 1739 traditur)
722 1677 773 1725 Ibo-

103 1755 165 1791 mm
180 1748 298 1794 veaenmt,
313 1743 443 1805 pollicentes
458 1743 487 1789 ad
503 1742 675 1793 Macedonicum
689 1742 772 1789 bellum

104 1807 192 1856 auxilia.
224 1804 314 1854 Gratia
326 1806 353 1853 ab
368 1814 447 1853 senam
462 1814 527 1861 aetae,
545 1822 681 1869 muneraque
696 1808 770 1861 missa,

104 1873 190 1933 torquis
203 1884 285 1919 aureus
299 1868 344 1917 dno
357 1871 440 1932 pondo,
457 1878 481 1919 et
492 1878 575 1933 patere
589 1888 668 1919 aurea·
678 1879 773 1933 quatuor

102 1937 185 1998 pondo,
197 1935 411 1997 squaspbaimatua
426 1950 531 1997 armaque
541 1937 658 1997 equestris.
686 1937 772 1983 Secun-

103 2002 158 2048 dum
174 2000 262 2055 Gallos,
283 1998 402 2063 Pamphyli
417 1999 486 2062 legati
503 2016 607 2047 eoronam
626 2016 722 2053 auream,
743 2013 773 2046 ex

103 2066 185 2127 viginti
195 2064 292 2125 millibus
303 2064 469 2126 ΡὴίΒρρεοηιω
480 2064 569 2119 saetam,
583 2066 607 2111 iu
618 2066 700 2112 curiam
712 2064 773 2109 intu-

103 2130 191 2177 lerrmtr
209 2127 379 2191 petentibusque
387 2130 423 2184 iis,
438 2136 464 2176 ut
478 2129 501 2176 id
512 2130 595 2177 donum
606 2130 628 2175 in
640 2126 696 2177 calli
705 2126 772 2177 Jovis

104 2193 192 2257 Optimi
202 2192 300 2241 Maximi
310 2205 400 2255 ponere,
415 2200 439 2241 et
453 2193 576 2241 sacrificare
587 2195 610 2240 in
623 2192 735 2255 Capitolio
745 2191 773 2238 li-

103 2265 173 2310 ceret»
258 2257 264 2269 ’
336 2274 352 2304 ε’
369 2258 509 2320 benigneque
526 2259 644 2305 amicitiam
664 2271 773 2305 renovare

1 2359 2 2362 η
101 2319 232 2370 mlentibus
241 2318 321 2384 legatis
334 2321 473 2385 responsum,
489 2330 512 2371 et
525 2322 601 2371 bintim
616 2323 709 2369 millium
721 2321 772 2368 aeris

103 2382 418 2449 siugsdismitsummuuus.
447 2384 728 2450 TumabregePrrisii,
749 2392 773 2435 et

102 2452 170 2515 ri
180 2450 774 2579 ementire

102 2516 312 2631 mem
332 2596 386 2643 rege
404 2580 489 2629 Perseo
508 2581 562 2643 egit.
592 2531 687 2628 Prusiap
697 2592 774 2653 preces

102 2641 184 2714 ¹¹8³*
198 2661 266 2710 im
278 2646 405 2713 mitiis
419 2642 491 2705 nere,
507 2645 638 2712 profitentis,
656 2651 672 2675 ‘⁴
681 2653 703 2694 et
714 2642 741 2691 sd
752 2640 774 2687 rd
