1892 2909
246 78 276 130 a.
290 77 546 146 nrvuasmv.
565 79 627 132 crs.
640 86 682 130 so.
742 86 791 130 ssa

121 210 314 274 qrscbseconmia
327 211 467 262 cumhxius
481 212 558 261 vincta
571 209 795 266 intersesormtsi

122 273 212 338 quando
221 276 244 324 in
252 277 416 326 transvehendo
428 277 468 326 sibi
479 285 559 325 mutuo
569 276 719 330 alliderentur,
729 275 796 324 Mar·

122 342 181 388 tium
194 343 312 403 quemdam
329 357 356 392 ac
373 343 494 390 terribilem
509 344 604 390 edebant
619 358 707 397 sonum,
725 347 751 387 ut
766 356 796 388 ne

120 406 183 454 victa
193 408 282 468 quidem
291 409 388 471 conspici
396 417 496 472 possent,
505 409 554 454 siue
564 407 660 468 quodam
668 408 794 454 animomm

121 472 223 519 horrore.
250 471 312 520 Tum
323 481 404 520 onusta
414 482 509 537 argento
520 473 610 535 signato
620 487 674 518 vasa
684 473 795 534 quinqua

121 536 188 599 ginta
206 552 273 599 supra
288 539 431 601 septingenta
446 555 460 587 a
476 539 547 585 tribus
563 537 660 583 millibus
676 537 793 582 hominurn

121 602 275 666 portabantur.
310 603 366 652 Tria
385 604 468 652 talenta
486 603 510 650 in
530 602 630 664 singulis,
648 617 663 648 a
679 599 794 662 quaternis

121 674 211 728 gestata
221 667 355 715 bominibus.
390 668 464 716 Erant
474 676 498 716 et
508 668 546 730 qui
556 675 652 714 crateras
666 673 793 728 argenteos,

123 738 147 778 et
164 731 255 793 phialas,
275 741 298 780 et
313 734 400 788 calices,
418 741 442 782 et
456 749 542 781 cornua
555 732 661 785 serebant,
681 740 728 778 tum
743 737 795 791 apte

123 795 183 842 inter
199 813 223 844 se
234 798 349 853 collocata,
368 806 416 846 tum
431 798 594 862 magnitudine,
611 804 634 844 et
648 796 753 859 pondere,
771 802 795 842 et

122 862 232 908 exstantis
243 863 361 925 insigniter
369 864 482 910 caelaturae
490 862 582 910 artificio
590 862 717 921 conspicua.
735 859 795 907 Ter-

122 925 156 972 tio
171 933 246 972 autem
261 927 297 973 die
311 927 394 974 ducere
408 937 490 989 agmen
500 929 573 988 primo
583 925 658 972 statim
669 939 735 972 mane
746 939 794 972 οω-

120 986 179 1052 ¹pire
190 990 305 1044 tubicines,
317 1006 363 1037 non
374 991 444 1038 festos
455 990 589 1036 sollennium
600 1004 731 1052 pomparum
742 1005 793 1035 mo-

124 1053 173 1108 dos,
192 1053 231 1100 sed
240 1055 344 1102 bellicum
356 1063 467 1110 canentes,
480 1055 543 1116 quasi
552 1056 576 1102 in
587 1056 657 1102 aciem
671 1055 795 1118 proceden-

124 1117 179 1166 dum
196 1117 262 1166 foret.
297 1119 356 1168 Post
371 1122 413 1168 bos
429 1122 553 1184 agebantur
568 1120 670 1182 pingues,
689 1119 794 1166 cornibus

124 1183 214 1238 auratis,
233 1191 256 1232 et
270 1184 333 1232 vittis
344 1187 452 1247 sertisque
466 1185 568 1249 redimiti,
585 1186 654 1232 boves
668 1191 759 1230 centum
770 1190 794 1231 et

122 1249 213 1311 viginti.
248 1248 371 1297 Ducebant
388 1267 428 1298 eos
446 1251 514 1298 cincti
532 1250 607 1297 fasciis
625 1248 707 1296 eximio
726 1263 794 1310 opere

122 1314 193 1362 textis
207 1316 312 1377 juvenes,
330 1316 410 1376 quibus
426 1317 521 1364 comites
538 1315 607 1362 additi
625 1313 688 1376 pueri
705 1321 794 1375 pateras

120 1392 203 1438 'aureas
217 1387 379 1442 argenteasque
389 1383 515 1443 gestabant.
551 1380 705 1441 Sequebantur
719 1378 742 1432 ii,
754 1379 794 1440 qui

123 1441 239 1506 signatum
253 1460 332 1492 aurum
347 1445 371 1492 in
382 1445 441 1492 vasis
453 1453 538 1508 septem
549 1452 572 1492 et
582 1444 725 1506 septuaginta
734 1441 794 1493 fere-

123 1507 185 1562 bant,
203 1524 298 1570 quorum
317 1511 499 1572 unumquodque,
517 1509 703 1572 quemadmodum
717 1514 742 1554 et
758 1523 792 1563 ea,

120 1569 147 1622 iu
166 1573 246 1634 quibus
264 1583 383 1638 argentum
403 1577 535 1623 translatum
553 1575 633 1628 fuerat,
650 1573 693 1620 tria
711 1573 795 1620 talenta

121 1637 223 1686 habebam
258 1639 320 1687 Tum
337 1641 450 1688 visebatur
465 1656 528 1690 sacra
543 1640 617 1702 phiala
630 1639 708 1686 decem
722 1637 794 1684 talen-

123 1710 199 1750 torum
213 1704 288 1767 pondo
303 1705 358 1760 auri,
375 1705 479 1768 pretiosis
489 1706 593 1755 distincta
605 1705 708 1767 gemmis,
726 1718 793 1763 quam

122 1765 209 1817 Paulus
224 1769 348 1816 faciendam
363 1777 486 1824 curaverat,
504 1778 527 1818 et
538 1769 696 1831 Antigonides,
714 1768 794 1816 Seleu·

122 1833 234 1894 cidcsque,
257 1842 280 1882 et
297 1833 422 1890 'lbericlea
440 1844 566 1896 caeteraque
583 1835 665 1897 pocula
680 1848 710 1881 ex
728 1848 791 1886 auro,

123 1898 203 1959 quibus
223 1897 300 1946 Persei
320 1900 414 1947 triclinia
430 1901 572 1947 ornabantur.
607 1900 700 1946 Subibat
715 1896 794 1944 Persei

124 1978 203 2011 currus
222 1966 271 2027 ejus
289 1965 356 2011 manis
375 1972 477 2019 onustus,
495 1965 571 2012 addito
586 1964 716 2014 dindnate
752 1962 794 2009 Se-

124 2029 232 2088 quebatur
254 2030 392 2093 captivorum
414 2045 512 2092 agmen:
538 2029 605 2083 Bitia,
630 2027 712 2089 Cotyis
733 2027 795 2089 regis

123 2089 189 2146 filius,
202 2095 267 2142 obses
278 2095 301 2142 in
313 2095 470 2142 Macedoniam
482 2103 569 2158 epatre
579 2094 668 2148 missus,
680 2109 706 2140 ac
714 2091 794 2139 deiude

59 2197 69 2206 ,
123 2169 176 2202 cum
188 2156 264 2206 Persei
273 2159 347 2208 liberis
358 2167 458 2222 captusa
468 2159 595 2218 Romanis;
606 2167 654 2206 tum
663 2159 704 2222 ipsi
716 2156 794 2204 Persei

122 2219 193 2276 liberi,
206 2224 327 2270 comitante
335 2225 480 2274 educatorum
491 2232 515 2272 et
525 2225 683 2287 magistrorum
694 2223 792 2284 agmine,

123 2299 204 2333 manus
218 2287 246 2334 ad
258 2297 393 2350 spectatores
404 2305 455 2338 cum
466 2289 571 2352 lacrymis
582 2289 733 2336 miserabiliter
743 2294 794 2333 ten-

123 2349 232 2408 dentium,
250 2361 272 2400 et
287 2354 414 2402 docentium
429 2370 518 2416 pueros,
534 2354 694 2417 implorandam
710 2352 794 2414 suppli-

122 2415 179 2464 citer
190 2416 281 2466 victoris
291 2420 367 2482 populi
377 2420 558 2468 misericordiam
594 2418 646 2466 lilii
660 2425 724 2466 erant
738 2417 791 2470 duo,

121 2482 196 2544 puella
207 2497 258 2537 una,
275 2483 313 2546 qui
328 2500 356 2532 eo
371 2487 478 2548 majorem
493 2485 614 2532 movebant
628 2483 794 2532 miserationem

119 2548 281 2609 spectantibus,
298 2549 358 2610 quod
372 2549 414 2612 ipsi
428 2564 468 2611 per
482 2556 573 2598 aetatem
587 2550 627 2595 vix
637 2549 696 2596 mala
707 2562 746 2596 sua
757 2546 793 2592 in·

98 2649 102 2656 .
121 2613 223 2680 talligere
241 2621 351 2678 poteraut.
387 2613 468 2675 Itaque
485 2614 574 2678 plurimi
590 2614 701 2675 lacrymas
717 2620 794 2659 tenere
