1892 2909
161 124 192 168 ss
301 112 434 167 ttmvn
451 98 574 166 niatu,
594 94 702 166 crea'

168 261 220 311 qnae
236 248 293 295 istro
311 254 379 309 atque
395 246 518 295 insidiator.
558 245 620 293 Non·
634 242 784 307 neqsddqnsm
804 240 847 293 isti

169 326 239 362 unum
250 312 395 361 Demetrium
405 310 477 359 lilium
492 320 517 359 te
531 312 620 365 habere
638 326 677 357 sne
691 310 810 357 subditum
819 311 845 358 et

169 374 846 506 {sl‘inffilllffirlfflfflffi

172 508 293 572 prehensas
303 507 401 562 insidias,
413 506 453 553 sed
468 507 493 553 in
507 520 560 553 enm
576 506 613 567 qni
626 505 723 558 lecisset,
736 504 846 553 saesi'resr

173 586 217 620 nee
227 572 330 620 sdeotibi
341 572 391 619 vilis
405 571 452 618 vita
466 578 526 619 esset
536 578 620 625 nostra,
633 576 660 617 ut
672 584 715 617 neo
729 570 848 631 praeterito

174 638 273 701 periculo
283 652 335 684 meo
345 636 474 689 movereris,
487 650 560 697 neque
567 635 651 689 lutum,
664 635 682 681 si
691 632 848 681 insidiantibus

175 703 205 749 sit
220 703 319 764 impune.
355 698 442 763 Itaque,
455 701 542 747 simori
552 701 645 748 tacitum
661 706 755 762 oportet,
771 701 848 746 tseesi

176 778 235 821 mus,
247 765 330 827 precati
340 772 428 813 tantum
439 764 513 820 Deos,
522 772 548 811 ut
558 780 572 811 a
582 780 619 811 me
626 771 726 827 ereptum
737 764 812 828 scelus
821 764 847 811 in

177 843 215 878 me
224 829 293 877 finem
303 830 389 884 habent,
401 844 443 876 nec
454 844 494 891 per
504 845 580 876 meum
590 830 649 875 latus
658 836 683 875 tn
690 829 780 891 potaris
805 830 847 877 Sin

178 902 253 943 antem
269 894 341 959 (quod
350 894 510 941 circumventis
526 894 550 940 in
569 894 688 941 solitudine
703 899 784 939 natura
799 893 806 905 ⁸

180 958 275 1022 subjicit,
292 966 317 1005 ut
327 959 451 1013 hominum,
463 974 521 1021 quos
535 973 648 1019 nunquam
662 956 770 1011 viderint

178 1031 254 1071 tamen
262 1021 393 1086 implorent)
401 1024 456 1070 mihi
463 1038 559 1085 quoqne,
568 1023 653 1070 ferrum
662 1022 687 1068 in
697 1036 735 1069 me
743 1022 848 1070 striotnm

178 1089 286 1143 cernenti,
306 1104 386 1137 vocem
402 1088 492 1135 mittere
503 1088 585 1146 licest3
602 1102 643 1151 per
658 1093 689 1142 te,
707 1087 849 1151 patriumque

179 1162 269 1207 nomen,
282 1153 342 1215 qnod
356 1154 401 1201 utri
414 1151 631 1200 nostrdm‘snnotius
648 1152 683 1206 sit,
698 1153 746 1214 jam
762 1153 849 1214 pridem

180 1219 257 1273 sentis,
268 1219 301 1265 ita
313 1234 351 1265 me
367 1218 449 1271 andins,
466 1232 552 1280 precor,
570 1222 685 1277 tamquam
703 1216 730 1270 si,
750 1231 808 1264 vooe
827 1224 851 1265 et

180 1284 356 1345 comploratione
364 1280 474 1330 noetnmd
485 1283 580 1336 excitus,
591 1282 647 1327 mihi
657 1281 771 1343 quiritanti
778 1283 851 1330 intem

179 1348 286 1402 venisses,
299 1347 443 1396 Demetrium
459 1362 511 1394 eum
527 1346 619 1394 armatis
633 1352 701 1393 noete
715 1345 851 1409 intempestd

179 1413 204 1459 ln
215 1412 325 1461 vestibulo
335 1427 386 1459 meo
397 1412 585 1475 deprehendisses·
621 1408 691 1465 Quod
701 1417 750 1457 tum
763 1412 851 1459 vooilll-

181 1478 276 1525 taretin
293 1492 317 1524 re
330 1477 435 1540 prsesenti
452 1476 553 1539 pavidus,
571 1478 619 1523 hoo'
631 1490 692 1522 nuno
705 1482 797 1538 postero
814 1474 851 1525 dl'e

181 1556 270 1604 queror.
306 1540 393 1596 Frater,
405 1556 451 1589 non
459 1541 626 1588 comissantium
637 1540 661 1586 in
673 1540 745 1588 vicen
752 1542 802 1603 jam
813 1542 852 1590 din

181 1607 280 1653 sivimus
296 1606 355 1654 inter
372 1620 421 1653 nos.
455 1605 564 1669 Regnare
578 1606 657 1666 ntique
672 1605 721 1652 vis:
739 1606 793 1652 huie
804 1608 852 1669 spei

182 1678 228 1718 tuas
239 1673 313 1717 obstat
323 1678 378 1719 aetas
388 1686 445 1726 mea,
458 1672 531 1718 obstat
543 1671 645 1734 gentium
658 1671 704 1732 jns,
720 1670 796 1717 obstat
811 1683 852 1719 ve-

182 1742 257 1783 tustus
266 1735 407 1783 Macedoniae
415 1748 473 1791 moa·
485 1736 558 1784 obstat
568 1750 623 1782 vero
637 1736 704 1782 etiam
714 1736 784 1797 patris
790 1736 853 1798 judl-

182 1800 250 1847 olum.
278 1798 339 1847 Haeo
347 1801 510 1855 transcendere,
519 1801 562 1847 nisi
572 1816 613 1863 per
622 1815 698 1847 meam
710 1800 852 1863 sangninem,

181 1878 228 1911 non
240 1871 321 1928 potes:
340 1866 415 1913 omnia
428 1866 514 1913 moliris
523 1873 547 1913 et
557 1872 644 1912 tentas:
663 1864 736 1912 adhue
746 1880 786 1911 sen
797 1873 852 1915 enta

181 1942 238 1983 rnen,
252 1944 292 1977 seu
305 1929 403 1984 fortune,
419 1931 502 1977 restitit
518 1930 634 1993 parricidio
651 1936 700 1976 tuo.
735 1928 855 1979 Herma

181 1994 218 2042 die
234 1995 258 2042 in
275 1994 413 2048 lustratione,
427 2002 450 2042 et
467 1996 569 2050 decursu,
589 2001 613 2041 et
631 1994 749 2042 simulacro
766 1995 853 2042 ludicro

183 2074 274 2123 pugnae,
283 2058 397 2107 funestum
405 2075 474 2122 prope
484 2060 588 2121 proelinm
595 2058 683 2117 lecisti3
693 2072 736 2106 neo
746 2060 852 2107 mealind

183 2140 197 2172 a
207 2130 281 2171 morte
288 2124 414 2177 vindicavit,
426 2139 493 2185 quam
505 2125 565 2185 quod
574 2138 612 2171 me
621 2138 648 2170 ao
655 2138 719 2171 meos
729 2125 789 2171 vinci
798 2138 853 2187 pas-

137 2222 139 2227 .
183 2206 223 2237 sus
231 2203 289 2236 snm.
323 2188 362 2235 Ab
372 2188 446 2235 hostili
457 2190 544 2251 proelio,
556 2194 671 2251 tamquam
680 2188 780 2237 fraterno
790 2189 850 2246 lusa,

181 2254 310 2319 pertrahere
317 2252 393 2301 mend
400 2268 489 2301 eoenam
497 2253 595 2300 volrdsd.
623 2252 711 2307 Credis,
722 2268 767 2308 me,
778 2262 851 2317 peter,

182 2318 241 2367 inter
253 2318 350 2365 inermes
367 2318 479 2366 convivas
491 2326 631 2366 ooenatnrnm
646 2318 723 2372 finisse,
741 2319 769 2365 ad
783 2334 852 2380 quem

182 2382 261 2432 ansati
277 2383 421 2431 comissatum
438 2383 568 2432 venemnt?
584 2383 656 2431 eredis
672 2383 755 2430 nihils
770 2384 852 2446 gladiis

182 2458 249 2497 nocte
259 2446 381 2509 perieulum
392 2447 467 2503 luisse,
480 2464 547 2509 quem
558 2448 655 2501 sudibus,
667 2455 691 2495 te
704 2449 851 2511 inspectante,

179 2511 431 2639 eremari,
441 2513 505 2625 ἓξὲξ
513 2512 853 2639 ,ermelinae

174 2642 311 2695 ‘Convivam
320 2656 357 2690 me
374 2642 413 2691 tibi
430 2642 654 2691 dommittere¹ausus
664 2648 711 2690 tso'n
726 2657 794 2701 snm3
806 2642 852 2691 ed·
