1892 2909
234 82 264 130 T.
277 82 365 131 Ltvlt
381 84 434 131 Lu.
448 84 622 135 Xleucm.
636 90 675 133 41.
742 90 789 138 297
819 124 822 129 .

124 210 456 261 interdurnmambusavertere.
481 215 790 263 Hiambsbuafirmitercom·

125 276 245 336 prehensas
258 276 320 324 tantis
330 280 352 324 vi
363 279 452 341 adigere
461 280 486 325 in
497 288 580 327 temere
594 296 620 327 ac
635 280 711 328 furore
728 296 790 328 caeco

125 348 224 395 ruentes,
244 349 276 395 ut,
295 342 423 391 transfossis
442 346 510 391 scutis
529 346 653 406 loricisque‚
671 344 791 393 transfixos

125 402 194 451 etiam
209 407 312 454 homines
329 424 394 469 super
410 410 482 470 capita
492 410 631 471 projicerent·
667 410 704 457 Sic
715 408 791 471 profli-

126 470 186 531 gatis
198 469 343 533 Pelignorum
354 474 431 534 primis
439 474 558 528 ordinibus,
571 474 789 535 caedunturquoque‚

126 534 164 593 qui
179 543 229 595 post
239 537 289 583 illos
299 543 420 584 steterant:
440 545 513 598 atque,
526 539 568 585 etsi
579 539 678 585 nondum
689 537 792 585 consessa

93 657 96 663 Ι
125 596 188 659 fuga,
199 601 278 661 pedem
292 601 415 648 referebant
427 610 502 649 tamen
513 610 613 649 montem
624 618 719 659 versus;
735 602 791 649 Olo-

122 678 189 715 ¹crum
205 666 318 726 indigenae
336 674 425 713 vocant.
460 664 510 713 Hic
528 684 583 715 vero
600 666 682 714 exarsit
696 666 790 713 AEmilio

123 725 197 782 dolor,
210 736 235 775 ut
245 731 313 775 etiam
329 746 359 776 ex
374 732 526 793 indignatione
540 731 720 795 paludamentum
731 731 790 777 scin·

126 792 196 838 deret.
226 793 287 839 Nam
298 802 321 841 et
330 796 354 841 in
363 798 449 841 caeteris
458 797 514 843 locis
525 796 612 843 videbat
620 796 718 844 cunctari
729 812 789 849 suos,

126 856 246 919 timideque
253 860 358 906 accedere
368 860 396 906 ad
405 861 465 906 illam
477 861 538 907 velut
548 860 641 907 ferream
652 876 734 923 sepem,
747 858 791 921 qud

126 920 224 981 undique
238 923 296 969 acies
309 924 457 971 Macedonica
472 926 605 977 inhorrebat.
634 926 678 973 Sed
690 926 791 971 arrimad-

123 986 194 1039 nertit
204 987 288 1047 peritus
303 987 355 1041 dux,
373 1003 418 1034 non
429 996 488 1035 stare
498 990 578 1051 ubique
593 989 714 1036 consertam
729 990 789 1037 illam

124 1050 223 1097 bostium
229 1051 292 1097 velut
297 1067 434 1113 compagem,
446 1068 540 1113 eamque
550 1054 663 1101 debiscere
670 1054 790 1100 identidem

124 1112 254 1174 quibusdam
265 1116 393 1170 intervallis,
404 1118 450 1164 sive
461 1118 490 1163 ob
499 1119 671 1179 inaequalitatem
683 1119 730 1171 soli,
744 1119 791 1165 sive

125 1180 235 1242 ob‘ipsam
242 1188 351 1242 porrectae
358 1182 381 1227 in
390 1182 523 1229 immensum
531 1181 610 1229 frontis
617 1182 789 1244 longitudinem}

121 1244 227 1306 ‚dumqui
239 1247 352 1308 superiora
362 1256 470 1308 occupare
481 1255 590 1293 conantur
600 1247 627 1293 ab
639 1246 742 1293 inferiora
756 1254 791 1294 te·

124 1310 236 1365 uentibus,
248 1312 285 1357 vel
295 1311 402 1357 tardiores
412 1327 426 1357 a
436 1312 578 1365 citatioribus‚
591 1319 614 1358 et
624 1311 791 1373 progredientes

125 1389 140 1419 a
150 1375 325 1429 subsistentibus,
337 1376 445 1422 instantes
456 1376 550 1437 denique
564 1376 626 1428 hosti,
637 1377 664 1422 ab
681 1376 788 1437 impulsis,

124 1438 189 1484 inviti
203 1438 262 1493 lieet,
279 1440 402 1487 necessario
415 1441 566 1487 divelluntur..
586 1440 652 1502 Ergo
663 1447 688 1487 ut
699 1440 790 1490 omnino

126 1502 239 1564 rumperet
250 1503 349 1550 ordinem
360 1505 465 1559 hostium,
482 1513 505 1551 et
521 1504 714 1568 inexpugnabilem
723 1505 789 1554 illam

123 1568 237 1615 universae
249 1568 365 1630 phalangis
381 1570 427 1615 vim
443 1570 467 1615 in
483 1570 553 1617 multa
570 1570 696 1619 minutatim
711 1570 790 1631 proelia

125 1639 233 1694 carperet,
249 1634 342 1694 imperat
357 1634 409 1687 suis,
429 1641 455 1679 ut
468 1635 548 1681 intenti
565 1632 704 1695 qudcumque
723 1633 789 1681 rimas

125 1712 193 1757 agere
203 1697 306 1747 hostilem
316 1698 387 1745 aciem
403 1698 507 1752 viderint,
525 1699 578 1745 illuc
595 1700 688 1760 quisque
704 1700 790 1761 impetu

124 1759 254 1815 inferantur,
271 1777 340 1821 seque
358 1764 468 1817 cuneatim
485 1764 508 1813 iu
526 1763 610 1811 hiantia
626 1764 663 1810 vel
677 1764 789 1811 tantillum

124 1825 194 1886 spatia
204 1825 349 1879 insinuantes,
362 1834 452 1873 strenam
463 1843 510 1874 rem
522 1836 596 1889 agant.
611 1826 665 1874 Hoc
676 1828 736 1874 edito
746 1828 790 1874 im-

123 1889 192 1951 perio,
202 1897 228 1944 et
237 1906 278 1952 por
285 1897 358 1937 totum
366 1892 489 1939 exercitum
497 1892 637 1946 circumlato,¹
643 1892 690 1954 ipse
698 1892 789 1940 alteram

124 1954 272 2016 elegion'dtus
282 1954 340 2019 in']

124 2048 128 2058 ι
353 2020 457 2081 proelium
468 2022 536 2068 ducit.

125 2111 130 2137 5
156 2081 226 2129 XLI.
245 2084 355 2131 Movebat
365 2086 451 2147 imperii
461 2087 571 2149 majestas,
583 2086 655 2149 gloria
669 2086 718 2140 riri,
737 2092 789 2133 ante

124 2147 199 2193 omnia
211 2155 272 2202 setas,
286 2149 352 2208 quod
371 2152 441 2211 major
458 2151 575 2213 sexaginta
593 2151 664 2203 annis,
677 2152 788 2213 juvenum

124 2212 200 2258 munia
209 2212 233 2257 in
243 2220 307 2274 parte
319 2213 431 2275 praeeipud
445 2215 526 2261 laboris
541 2215 676 2277 periculique
686 2230 788 2277 capesse·

122 2278 168 2329 bet.
204 2275 357 2331 Intervallum,
369 2279 428 2338 quod
442 2280 501 2325 inter
515 2287 611 2327 cetratos
627 2287 651 2326 et
665 2280 788 2341 phalanges

122 2347 178 2394 erat,
190 2341 291 2402 implevit
300 2343 367 2403 legio,
383 2349 449 2403 atque
462 2344 533 2391 aciem
550 2344 648 2390 hostium
661 2344 785 2405 interrupit.

122 2406 147 2454 A
158 2412 223 2467 tergo
231 2406 321 2457 cetratis
328 2413 383 2460 erat,
396 2406 493 2463 frontem
504 2408 610 2461 adversus
621 2408 735 2469 clypeatos
747 2408 788 2456 ha-

120 2471 197 2518 bebat:
210 2470 335 2532 aglarpides
345 2472 516 2533 appellabantur.
543 2473 668 2521 Secundam
675 2473 787 2535 legionem

107 2531 151 2587 ‘L
165 2535 262 2582 Albinus
277 2537 399 2583 mannans
416 2537 498 2587 ducere
516 2538 622 2584 adversus
638 2537 786 2599 leucaspidem

115 2600 252 2671 pbalangem
257 2602 351 2663 jussus:
370 2616 397 2649 ea
407 2602 548 2672 mediapciea
562 2603 661 2657 bostium
671 2601 720 2649 luit.
756 2600 786 2651 In
