1892 2909
221 143 253 194 Τ.
267 141 426 202 LIVJHns.
440 140 602 198 aanor».
615 148 656 194 80.
723 149 774 194 887

101 288 155 322 nem
172 273 214 321 sit:
233 287 374 322 accessurum
390 274 443 322 huic
461 273 519 337 parti
539 281 601 321 mans
616 272 725 329 Nessum,
743 274 772 322 sd
852 337 857 340 ·

98 340 219 388 «Orientem
234 354 331 393 versum,
350 337 394 400 (1υᾶ
410 339 507 386 Perseus
520 341 630 387 tenuisset
643 339 713 393 vicos,
733 355 776 386 ca·.

104 406 174 459 atella,
192 404 278 466 oppida,
295 411 376 466 praeter
388 403 483 457 AEnum,
496 412 520 451 et
530 403 671 458 Maroneam,
687 411 711 452 et
721 405 771 452 Ab·

103 471 170 530 dera;
182 478 244 516 trans
253 469 396 530 Strymonem
405 477 480 516 autern
489 470 605 530 vergentia
613 469 642 514 ad
650 469 774 524 Occasum,

103 535 234 582 Bisalticam
245 549 335 580 ornnem
347 549 397 580 cum
409 531 529 587 Heraclei,
541 549 608 594 quam
620 534 720 580 Sinticen
730 549 772 596 ap-

103 600 194 662 pellant.
230 598 355 645 Secundam
373 597 421 644 lore
437 599 559 660 regionem,
581 613 648 659 quam
668 600 694 646 ab
710 597 771 646 Ortu

105 665 197 724 Strymo
211 663 381 724 amplecteretur
397 664 476 715 amnis,
488 670 569 724 praeter
582 662 682 710 Sinticen
694 663 770 710 Hera·

104 729 176 776 oleam
189 736 212 776 et
223 727 333 774 Bisaltas:
352 728 380 774 ab
392 726 481 774 Occasu
492 725 537 788 (1υᾶ
549 728 623 774 Axius
640 727 770 776 terminaret

104 793 194 847 fluvius,
214 792 292 840 additis
309 791 435 844 Paeonibus,
454 793 492 852 qui
508 807 577 852 prope
587 791 673 838 Axium
684 791 770 839 flumen

102 859 131 906 ed
148 858 262 918 regionem
280 856 379 904 Orientis
395 857 502 903 colerent.
540 854 619 903 Tertia
633 871 684 918 pars
700 857 768 912 facta,

103 938 172 986 quam
184 920 258 966 Axius
273 921 300 967 ab
314 920 414 974 Oriente,
436 920 525 967 Peneus
540 922 612 967 amnis
629 923 657 968 ab
670 921 769 976 Occasu,

103 989 213 1048 cingunt:
237 985 265 1031 ad
285 985 471 1046 septemtrionem
493 985 555 1033 Bora
571 1001 636 1031 mons
657 987 767 1049 objicitur.

103 1051 200 1112 Athecta
207 1049 258 1096 huic
269 1050 325 1111 parti
337 1051 398 1112 regio
410 1049 518 1103 Paeoniae,
528 1047 572 1110 qui
579 1051 606 1096 ab
614 1049 703 1097 Occasu
710 1067 769 1112 prae-

102 1123 138 1178 ter
148 1115 235 1162 Axium
243 1129 330 1161 amnem
342 1115 475 1176 porrigitur:
495 1114 582 1161 Edessa
589 1130 677 1175 quoque
688 1123 711 1162 et
721 1115 769 1162 Be-

102 1196 151 1228 roea
161 1179 239 1227 eodem
250 1186 415 1226 concesserunt.
443 1178 531 1233 Quarta
541 1179 604 1241 regio
614 1187 676 1225 trans
684 1178 770 1227 Boram

102 1254 210 1300 montem,
230 1241 275 1292 uni
291 1252 354 1306 parte
372 1243 465 1290 confinis
483 1243 581 1305 Illyrico,
602 1241 671 1290 alteri
687 1243 767 1305 Epiro.

103 1309 185 1374 Capita
195 1310 320 1371 regionum,
334 1309 370 1354 ubi
381 1309 474 1356 concilia
483 1307 569 1363 fierent,
580 1309 660 1369 primae
671 1309 769 1370 regionis

102 1375 265 1436 Amphipolim,
281 1374 385 1420 secundae
396 1372 577 1426 Thessalonicen,
589 1373 662 1420 tertiae
672 1371 767 1428 Pellam,

103 1446 189 1501 quartae
200 1437 344 1500 Pdagonirnn
354 1436 415 1484 fecit
449 1437 488 1485 Eo
498 1437 592 1486 concilia
602 1453 650 1484 sua
661 1439 770 1500 cujusque

103 1519 203 1566 regionis
220 1503 294 1558 rndrcr,
313 1503 430 1564 pecuniam
452 1502 555 1557 conferri,
574 1503 605 1549 ibi
623 1503 768 1564 magistratus

101 1566 271 1631 crearijussit.”
298 1567 456 1615 Pronuntiavit
466 1567 553 1623 deinde,
572 1574 588 1596 ‘⁶
599 1582 671 1628 neque
682 1567 770 1614 conani

102 1636 171 1688 bium,
192 1648 264 1694 neque
281 1633 438 1681 commercium
458 1647 564 1695 agrorum
581 1631 770 1693 aedificiorumque

101 1699 161 1745 inter
172 1713 196 1744 se
203 1699 290 1760 placere
299 1699 403 1758 cuiquam
413 1704 478 1744 extra
485 1697 541 1744 lines
549 1697 647 1760 regionis
655 1713 703 1744 suae
709 1712 766 1744 esse.

102 1763 199 1826 Metalla¹
208 1778 296 1823 quoque
307 1763 354 1808 auri
365 1770 431 1823 atque
441 1762 528 1825 argenti
537 1777 582 1809 uon
590 1762 701 1810 exerceri:
715 1761 768 1810 ferri

100 1836 125 1876 et
144 1828 195 1874 aeris
216 1825 346 1889 permitti:”
369 1827 465 1890 vectigal
482 1827 635 1876 exercentibus
652 1827 769 1875 dimidium

98 1895 148 1960 ejus
160 1892 296 1954 impositum,
308 1891 368 1952 quod
378 1892 534 1954 pependissent
542 1893 597 1954 regi.
632 1891 666 1940 Et
676 1892 722 1940 sale
732 1893 768 1939 in-

99 1965 166 2024 necto
181 1959 214 2005 uti
232 1957 310 2004 vetuit.
345 1954 458 2004 Dardanis
476 1958 625 2019 repetentibus
641 1955 767 2021 Paeoniam,

99 2022 160 2084 quod
170 2030 194 2071 et
208 2021 349 2084 suall'uisaet,
368 2028 391 2068 et
408 2022 525 2077 continens
540 2030 600 2069 esset
615 2021 697 2068 linibus
712 2022 767 2077 suis,
797 2070 799 2079 ,

99 2088 202 2136 omnibus
218 2086 270 2133 dare
284 2085 407 2134 hbertatem
421 2087 580 2150 pronuntiavit,
590 2086 634 2148 ¹qui
645 2087 686 2133 sub
696 2101 768 2149 regno

101 2150 179 2199 Persei
197 2150 298 2198 fuissent.
339 2150 396 2197 Post
417 2166 462 2198 non
482 2153 621 2214 impetratam
641 2151 767 2207 Paeoniam,

101 2217 153 2265 salis
162 2216 320 2263 commercium
332 2215 404 2263 dedit:
423 2217 496 2264 tertiae
507 2217 593 2279 regioni
604 2216 730 2278 imperavit,
742 2223 769 2264 ut

100 2275 183 2331 Stobos
200 2280 301 2328 Paeoniae
311 2281 452 2344 deveherent,
463 2282 604 2344 pretiumque
614 2281 698 2328 statuit.
718 2280 768 2330 Ns·

99 2347 174 2396 valem
185 2347 300 2393 materiam
314 2356 337 2393 et
347 2347 407 2408 ipsos
418 2347 510 2401 caedere,
523 2355 546 2394 et
554 2347 610 2394 alios
620 2346 673 2408 peti,
687 2347 766 2394 vetuit.

99 2411 250 2476 Regionibua,
262 2427 313 2473 quae
324 2411 401 2458 affines
411 2412 508 2460 barbaris
519 2419 601 2465 essent,
615 2408 720 2474 (excepti
728 2426 770 2458 au-

99 2483 146 2526 tem
158 2473 230 2531 tertii,
243 2491 321 2523 omnes
332 2473 406 2538 erant)
417 2477 524 2539 permisit,
536 2485 562 2524 ut
571 2476 676 2539 presidia
683 2483 769 2523 mmeta

99 2543 124 2589 in
134 2541 216 2588 limbus
229 2541 334 2588 extremis
345 2542 457 2588 haberent.

132 2605 218 2654 XXX.
238 2605 306 2673 Haec,
325 2607 469 2672 pronuntiata
486 2604 612 2670 primodie
630 2602 767 2658 conventis,

99 2671 161 2720 varie
171 2669 293 2720 alienarunt
306 2671 401 2720 animos.
436 2669 539 2720 Libertas
549 2678 633 2732 preter
643 2684 706 2732 spem
717 2667 770 2716 dats

106 2738 110 2754 “
131 2749 183 2783 vor.
197 2751 219 2785 v.
384 2749 387 2754 ·
527 2740 570 2782 ts
761 2737 768 2745 '
