1892 2909
215 113 346 175 nltvn
362 124 414 175 Ius·
429 126 498 177 xm.
518 126 579 178 Car.
591 132 649 186 280,
712 130 757 177 ldss

90 252 191 301 Romam
211 254 281 303 rediit.
316 254 428 305 Censores
445 257 494 303 slus
512 256 641 305 ttemdns
655 256 759 304 silioe'In

93 316 165 373 Urbe,
182 317 259 382 glarsi
276 327 339 367 extra
357 320 442 369 Urbem
460 320 616 368 substruendas
631 322 765 383 mergium·-

91 382 176 443 dasque
193 384 258 445 primi
274 385 373 431 omnIum
391 385 529 438 locaverunt,
545 392 668 446 pontesque
683 385 761 431 miultis
779 396 793 409 ’-

92 447 149 496 locis
166 447 293 503 faciendos:
316 456 339 495 et
358 462 446 497 scenam
465 448 565 497 aedibbm
586 449 761 510 prsetonbusque
831 482 838 490 .

92 512 248 571 prebendam:
268 520 291 561 et
305 527 403 561 carceres
420 514 443 559 in
458 514 525 567 circo,
542 520 566 559 et
580 527 624 559 orn
633 513 661 558 ad
672 509 760 575 [nomn]

92 576 208 622 curriculis
223 577 371 631 numerandis,
388 579 434 625 εὶ·
447 577 505 631 darn,
523 585 547 625 et
556 584 628 623 metas
642 582 704 622 trans
715 581 728 609 θ
738 584 762 622 et

92 653 171 685 caveas
178 640 262 687 ferreas
272 656 301 701 pe
309 646 322 673 ¹
334 642 555 689 intromitterentur*
564 640 641 689 foros
648 641 672 687 in
683 647 762 686 monte

92 702 181 750 Albano
189 705 324 759 consulibus,
340 714 364 752 et
377 706 458 753 clivum
470 704 622 768 Capitolinum
633 705 693 751 silice
704 712 760 751 ster-

92 766 190 815 nendum
206 776 346 823 curaverunt,
363 777 386 816 et
399 771 509 832 porticum
524 771 552 817 nb
566 770 616 817 tede
630 769 720 817 Saturni
735 768 759 813 in

92 829 228 893 Capitolium
246 833 274 879 ad
291 835 426 888 sonandum,
443 850 469 881 nc
484 850 550 897 super
563 836 587 881 id
601 835 691 881 curiam.
726 832 762 879 Et

91 902 155 943 extra
172 904 260 958 portum
277 896 430 959 Trigeminam
446 900 569 961 emporium
587 899 658 961 lapide
674 905 760 945 stravo·

91 967 151 1013 runt,
170 961 323 1022 stipitibusque
337 970 465 1024 sepserunt:
485 970 509 1009 et
518 964 628 1025 porticum
642 962 760 1011 AEmillsm

92 1022 232 1071 reficiendam
244 1024 365 1083 curdrunt3
376 1026 528 1088 gradibusque
538 1028 668 1073 adscensum
678 1028 707 1073 ab
717 1026 760 1073 Τι-
773 1051 777 1055 *

19 1120 21 1131 .
91 1087 139 1133 beri
153 1089 176 1134 in
191 1090 314 1150 emporIum
324 1089 437 1151 fecerunt:
456 1098 480 1137 et
490 1098 554 1137 extra
563 1092 663 1137 eamdem
671 1097 759 1151 portum

91 1152 115 1199 in
125 1152 264 1200 Aventinum
274 1154 383 1215 porticum
392 1154 453 1201 silice
460 1161 593 1207 strarenmt,
605 1161 629 1201 et
639 1150 678 1216 [eo
687 1154 761 1215 publi-

91 1231 120 1261 oo
129 1218 156 1263 ob
167 1216 227 1281 aede]
238 1217 335 1265 Veneris
344 1218 451 1265 fecerunt.
471 1217 543 1265 Iidem
551 1216 645 1266 edane
655 1225 678 1264 et
685 1218 760 1263 Auxi-

91 1280 123 1325 mi
133 1296 209 1339 muros
219 1280 333 1329 faciendos
340 1282 483 1330 locaverunt:
504 1281 643 1342 venditisque
651 1282 680 1329 rbi
688 1281 760 1342 publi·

91 1344 123 1391 n's
130 1344 193 1399 locis,
205 1346 329 1407 pecuniam,
341 1361 391 1408 quse
399 1348 488 1393 redacta
497 1354 552 1400 erat,
564 1346 660 1393 tabernis
670 1345 761 1406 utrique

90 1407 140 1456 loro
159 1410 321 1457 circumdandis
339 1418 517 1459 consumserunt·
551 1408 586 1457 Et
603 1410 659 1457 alter
675 1422 704 1457 ex
721 1409 756 1462 iis,

92 1470 187 1520 Fulvius
193 1474 299 1528 'Flaccus
318 1477 381 1538 (nem
393 1474 523 1523 Postumius
533 1474 595 1528 nibil,
612 1474 655 1520 nisi
669 1471 760 1520 senatils

92 1536 191 1585 Romani
204 1539 310 1602 populive
319 1541 392 1602 jussu,
410 1555 435 1586 se
448 1540 572 1587 locamrum
583 1539 681 1600 ipsonrm
691 1551 760 1599 pecu-

93 1600 130 1648 uit
141 1600 167 1663 *)
182 1600 248 1651 ,lovis
263 1603 334 1649 aedem
351 1603 444 1659 Pisauri,
461 1611 485 1652 et
496 1603 589 1658 Fundis,
606 1610 630 1649 et
640 1601 767 1651 Potentiae.

92 1666 159 1714 etiam
170 1682 250 1729 aquam
261 1666 418 1723 adducendam,
430 1676 453 1715 et
464 1668 551 1715 Pisauri
562 1668 621 1717 dam
632 1668 693 1714 silice
703 1674 761 1715 ster-

88 1730 195 1785 -nendsm,
208 1738 231 1779 et
243 1732 370 1779 Sinuessam
381 1748 435 1795 aga
443 1734 456 1762 ⁸
465 1734 561 1780 arlariae.
581 1731 609 1780 In
620 1733 655 1779 his
665 1739 689 1780 et
698 1732 757 1779 clo·

92 1799 107 1827 ⁸
116 1810 154 1841 um
165 1795 336 1843 circumducend
345 1796 358 1823 ¹
369 1805 392 1845 et
406 1796 479 1845 lorum
490 1797 609 1859 porticibus
619 1798 759 1858 tabernisque

92 1858 244 1913 claudendum,
262 1867 285 1907 et
298 1858 370 1909 Janos
383 1868 429 1908 tres
441 1861 561 1909 faciendos.
596 1860 657 1909 Haec
671 1863 699 1909 ab
713 1876 759 1907 uuo

93 1939 186 1971 censore
196 1940 263 1987 opero
274 1924 353 1980 locata,
370 1940 421 1973 cum
436 1924 519 1989 magni
532 1924 605 1989 grant
618 1926 757 1973 colonorum.

93 1987 195 2035 Moribus
210 2004 299 2050 quoque
314 1988 416 2052 regendis
430 1990 526 2053 diligens
540 1998 564 2037 et
578 2005 656 2037 severa
665 2001 761 2035 censum

92 2050 147 2101 luitr
166 2053 242 2103 multis
253 2053 303 2113 equi
314 2054 402 2101 ademti.

124 2116 248 2165 XXVIII.
268 2118 340 2165 Exitu
353 2134 422 2181 prope
437 2119 497 2171 anni,
515 2118 573 2165 diem
589 2133 658 2164 unum
676 2115 759 2177 suppli·

92 2182 149 2228 catio
163 2181 205 2228 fuit
220 2184 248 2229 ob
263 2198 298 2229 res
312 2198 417 2245 prospere
433 2191 509 2245 gestas
526 2184 549 2228 in
564 2179 675 2243 fflsponit
690 2180 758 2227 ductu

92 2246 231 2307 auspicioque
250 2246 294 2308 Ap
315 2245 403 2295 Claudii
421 2246 575 2309 proconsulis;
598 2253 621 2292 et
639 2245 758 2309 majoribus

57 2344 66 2357 .
92 2310 169 2357 hostiis
184 2311 264 2373 viginti
278 2311 436 2358 sacrificatum:
456 2311 587 2358 stulterum
602 2311 661 2358 diem
675 2310 759 2373 suppli·

93 2375 148 2424 catio
167 2376 195 2425 od
214 2374 309 2429 Cereris
328 2374 409 2429 Liben',
428 2374 561 2435 Liberaeque
578 2374 627 2429 fuit,
650 2374 710 2436 quod
727 2388 758 2421 ex

93 2439 177 2487 Sabinis
192 2448 258 2489 terrae
273 2448 348 2491 motus
362 2441 443 2502 ingens
457 2454 508 2486 cum
523 2438 600 2488 multis
614 2439 767 2488 aedlliciorum-

92 2504 158 2551 ruinis
174 2505 288 2552 nuntiantur
302 2511 356 2551 erat.
393 2500 452 2555 Cum
467 2504 528 2565 App·
542 2502 649 2552 Claudius
659 2518 689 2551 ex
699 2503 758 2550 His-

90 2566 154 2679 bnnii
172 2566 270 2615 Romam
290 2568 389 2623 redisset,
410 2569 509 2615 decrevit
528 2575 624 2622 senatus,
641 2575 667 2614 ut
684 2581 768 2618 ovans,
870 2616 874 2628 Ι

113 2633 171 2695 rbem
189 2632 272 2683 iniret*
297 2632 348 2681 Jam
366 2634 490 2681 consularia
504 2632 593 2680 comitia
607 2632 768 2697 appetebantm
785 2662 788 2665 <
